4567 5959
827 505 1134 560 a
1778 525 1832 579 111

127 707 300 781 alienum
321 708 418 791 erit,
447 705 639 784 brevibus
655 727 884 806 exponere:
908 705 1003 801 quid
1016 704 1182 804 proprie
1202 723 1359 797 gemma
1374 699 1439 788 fit3
1467 678 1657 798 quanam
1669 707 1854 792 habeam,

126 842 194 907 tur
211 823 354 908 earum
373 835 541 932 species;
565 832 605 907 ἃ
626 833 772 927 quibus
791 833 934 928 signis,
960 832 1008 905 ab
1029 841 1142 923 ortu,
1169 830 1428 914 formatione,
1454 843 1574 927 atque
1597 835 1832 913 evolutione

124 958 361 1057 impetitis,
387 957 704 1054 dignoscantur?
731 982 814 1056 quo
833 959 988 1034 facilius
999 979 1068 1033 eas
1081 958 1306 1056 deincepsa
1322 959 1482 1054 genuini
1496 958 1655 1034 seminis
1680 984 1833 1042 acervo

122 1084 325 1182 separare,
352 1086 393 1160 bt
407 1099 596 1181 tanquam
609 1089 847 1186 peregrinas
863 1085 1046 1185 stipulas,
1075 1107 1131 1159 ex
1150 1109 1200 1159 eo
1215 1085 1438 1160 eventilare
1458 1105 1666 1178 queamus.

226 1263 372 1344 Gemma
388 1273 540 1364 itaque,
567 1291 685 1365 quam
704 1270 744 1350 δι
764 1265 911 1344 Germen
928 1265 1035 1346 rene
1052 1266 1204 1349 dicunt,
1231 1266 1451 1360 generatim
1473 1265 1531 1340 est
1545 1287 1694 1362 corpus
1713 1290 1832 1362 orga-

120 1395 263 1466 nicum
295 1395 565 1492 eplantarum
600 1393 808 1496 superficie
838 1395 1042 1493 pullulans
1067 1393 1155 1472 &a
1182 1396 1357 1492 propriis
1385 1414 1524 1468 earum
1553 1415 1598 1465 ac
1628 1399 1835 1493 perpetuis

120 1520 322 1594 membris
341 1523 452 1595 initio
472 1521 690 1606 diversum,
716 1520 823 1616 quod
842 1529 976 1594 autem
996 1518 1124 1596 trastu
1139 1523 1360 1619 temporis,
1386 1520 1453 1593 vel
1468 1521 1507 1591 in
1524 1527 1680 1616 partem
1696 1525 1836 1596 matris

120 1646 209 1719 suae
231 1645 328 1728 abit,
362 1648 431 1720 vel
449 1647 496 1720 ab
516 1669 564 1720 ea
577 1647 769 1732 solutum,
792 1647 874 1722 solo
896 1646 935 1724 u
963 1645 1128 1749 simplici
1152 1646 1372 1723 substantiae
1397 1644 1478 1717 suae
1499 1647 1679 1742 propriae
1710 1647 1837 1724 incre-

72 1867 75 1871 *
121 1783 285 1855 mento,
307 1773 346 1843 in
362 1792 509 1847 novam
522 1772 720 1870 plantam,
749 1771 894 1849 adultae
915 1771 1168 1868 simillimam,
1196 1772 1346 1867 absque
1356 1774 1511 1870 praevia
1525 1769 1838 1861 foecundatione,

122 1897 383 2027 procrescere
404 1897 523 1973 valet,

228 2076 393 2178 Species
412 2099 660 2173 gemmarum
680 2079 889 2157 statuimus
899 2088 1091 2175 quatuor:
1117 2077 1302 2179 aphyllas
1320 2077 1437 2166 duas,
1463 2074 1709 2173 totidemque
1725 2079 1838 2156 folia-

123 2225 223 2281 ceas
238 2217 308 2280 aut
326 2206 569 2300 squamosas,
595 2226 759 2306 nempe:
785 2205 1073 2308 Propaginem,
1097 2203 1354 2303 Gongylum,
1383 2203 1561 2279 Bulbum
1581 2212 1703 2300 atque
1718 2204 1838 2286 Gem-

127 2354 241 2409 mam
260 2329 394 2408 striite
415 2330 467 2406 sic
485 2328 637 2408 distem.

234 2513 406 2611 Propago
437 2513 496 2589 est
536 2537 704 2611 germen
730 2513 1069 2615 simplicissimum,
1103 2508 1332 2613 aphyllum,
1370 2507 1693 2607 polymorphon,
1728 2531 1838 2586 nunc

127 2641 293 2740 penitus
317 2641 488 2726 nudum,
514 2661 622 2716 nunc
650 2642 826 2716 corticali
855 2643 972 2717 theca
996 2639 1243 2721 conclusum,
1277 2633 1385 2732 quod
1417 2632 1577 2708 tandem
1613 2634 1754 2733 sponte
1789 2636 1838 2714 de

127 2766 350 2841 matresua
373 2767 515 2843 secedit
539 2766 579 2841 ἃ
602 2766 797 2844 seminum
817 2791 930 2843 more
953 2767 1162 2866 spargitur.
1213 2760 1408 2838 Germina
1436 2760 1646 2856 granulosa
1664 2758 1836 2836 Onnum

128 2887 209 2988 (r.)
233 2889 355 2987 hujns
378 2894 457 2967 loci
479 2889 557 2965 elle
583 2892 785 2970 videntur.
927 2945 929 2954 ,

230 3068 415 3170 Gongylis
437 3073 495 3148 est
513 3095 680 3168 germen
704 3071 1041 3175 simplicissimum,
1072 3069 1298 3170 aphyllum,
1328 3067 1626 3163 subglobosum,
1650 3068 1849 3162 solidum,¹

132 3197 238 3271 intra
259 3201 399 3273 matris
425 3200 614 3273 corticem
632 3196 813 3282 haerens,
839 3221 915 3274 nec
939 3198 1011 3273 nifi
1030 3224 1079 3273 eo
1099 3221 1171 3297 per
1192 3197 1341 3270 senium
1361 3194 1676 3288 deliquescente,
1702 3198 1749 3270 ab
1769 3177 1839 3271 ista

131 3323 273 3420 sponte
295 3324 490 3401 secedens.
541 3322 737 3398 Proxima
763 3325 955 3400 affinitate
972 3321 1158 3420 jungitur
1183 3323 1391 3397 tuberibus
1418 3321 1619 3408 radicum
1657 3323 1721 3397 sed
1746 3325 1839 3416 quia

132 3444 270 3522 Tuber
291 3450 436 3547 saepius
459 3452 669 3549 proprium
687 3448 834 3547 plantae
851 3452 1075 3526 membrum
1093 3449 1169 3533 est;
1195 3452 1286 3543 quia
1303 3446 1509 3545 multiplici
1527 3451 1625 3523 vitae
1643 3450 1837 3547 principio

132 3573 270 3657 scatet,
295 3584 344 3648 ut
360 3578 480 3650 etiam
499 3598 573 3673 per
593 3574 717 3648 frusta
741 3575 977 3652 disseminari
999 3574 1135 3676 possit3
1162 3575 1201 3649 lt
1220 3577 1313 3667 quia
1328 3596 1476 3649 novam
1494 3574 1670 3672 plantam
1684 3572 1838 3648 nonnisi

133 3722 185 3773 ex
208 3699 428 3798 praegressa
450 3724 608 3796 gemma
630 3702 795 3777 soliacea
822 3703 1025 3799 producit:
1052 3701 1140 3776 ideo
1168 3698 1426 3797 Gongylum,
1460 3702 1521 3773 cui
1537 3699 1603 3773 hae
1620 3699 1735 3774 dotes
1753 3718 1838 3771 non

133 3838 390 3926 competunt,
416 3830 507 3904 satis
529 3828 712 3904 atubere
730 3825 929 3903 diversum
954 3827 1167 3903 censemus.

229 4005 368 4084 Bulbus
388 4008 447 4083 est
472 4029 639 4104 germen
664 4004 944 4104 compositum,
979 4005 1271 4099 subglobosum,
1303 4004 1580 4106 subaphillum,
1619 4026 1674 4078 ex
1706 4004 1839 4082 carina

135 4131 361 4210 brevislima
375 4134 599 4229 &squamis
617 4133 856 4207 succulentis
876 4127 1009 4206 crassis
1027 4132 1366 4230 compaginatum,
1392 4130 1498 4225 quod
1517 4129 1676 4203 tandem
1699 4130 1839 4227 sponte

135 4270 304 4334 amatre
324 4260 390 4334 sua
413 4257 590 4335 solvitur.
638 4256 804 4357 Duplex
826 4261 995 4335 habetur
1020 4257 1182 4333 bulbus:
1208 4257 1381 4331 tunicatus
1409 4263 1528 4349 atque
1543 4251 1689 4354 solidas.
1741 4255 1837 4339 Hic,

136 4409 189 4459 ex
214 4385 338 4459 solido
361 4408 531 4483 corpore
552 4387 716 4460 carnoso
738 4384 1005 4470 constructus,
1032 4385 1269 4484 plerumque
1289 4404 1410 4456 novae
1423 4381 1573 4479 plantae
1587 4383 1696 4454 initia
1717 4393 1840 4457 extus

136 4508 203 4583 fibi
223 4512 343 4584 babet
359 4510 505 4595 affixa;
539 4513 742 4585 tunicatus
760 4523 893 4588 autem
912 4512 960 4585 fit
980 4508 1234 4608 expluribus
1252 4503 1422 4602 squamis
1439 4509 1722 4603 concentricis,
1747 4530 1839 4605 quae

137 4635 311 4711 novellae
331 4638 479 4733 plantae
499 4637 785 4738 rudimentum
794 4641 834 4713 in
857 4647 998 4714 centro
1017 4635 1172 4715 fovent.

223 4848 264 4927 r.)
288 4840 434 4908 Ele-ent.
456 4845 560 4909 boran.
582 4866 612 4930 p.
633 4862 676 4921 ³5·

829 4999 835 5006 ’
947 5007 971 5058 a
997 5001 1020 5058 2
