4567 5959
798 571 1107 633 ω’
1719 579 1801 644 xm

119 760 257 863 tilllmis
270 785 471 885 papillulis
481 767 691 870 coloratis,
713 783 924 863 emedulla
937 782 1016 884 ipsa
1030 759 1611 883 prodemtlsus,obtnntaue
1640 763 1804 878 'Quodn

116 927 212 988 nunu
229 908 423 1007 ejusmodi
444 908 630 1009 globulus
652 911 785 1007 digitis
804 912 1048 1007 aliquantum
1069 917 1296 1009 prematur,
1322 907 1462 1007 sponte
1474 927 1531 984 ex
1550 927 1602 983 eo
1624 908 1804 1008 proilliet

116 1038 273 1114 ovoldea
293 1037 471 1122 mallula,
496 1050 580 1116 tota
599 1039 718 1116 solida
731 1037 771 1113 dt
784 1059 839 1114 ex
854 1036 1002 1115 linuera
1017 1036 1189 1111 medulla
1210 1036 1399 1120 formata,
1424 1057 1517 1131 quae
1539 1035 1695 1111 inferne
1717 1038 1801 1135 pal-

115 1165 182 1239 lida
195 1171 314 1258 atque
335 1167 469 1242 vitreo
488 1166 702 1265 pellucido,
730 1161 898 1264 superne
923 1157 1062 1237 autenr‘
1081 1183 1202 1261 opaca
1216 1183 1261 1236 ac
1281 1162 1503 1261 papillulis,
1529 1161 1656 1247 luteo,
1681 1161 1802 1238 viridi

113 1291 312 1365 autmbro
334 1292 470 1366 colore
488 1287 645 1378 tinnis,
674 1301 865 1367 coronata
890 1289 949 1364 lit.
998 1287 1056 1363 Et
1075 1287 1127 1363 lle
1148 1284 1493 1364 luculentillimum
1514 1288 1708 1365 habemus
1729 1290 1801 1365 do-

112 1423 354 1501 rumentum,
379 1415 487 1512 quod
502 1439 583 1492 nou
602 1416 724 1493 solum
738 1418 873 1491 omnis
885 1418 975 1494 veri
990 1418 1096 1492 uteri
1111 1414 1256 1489 lubrica
1269 1412 1495 1490 aCeramiis
1507 1413 1670 1512 prorsus
1688 1413 1801 1505 abiit,

28 1582 32 1590 ·
110 1540 167 1618 led
180 1544 300 1619 etiam
322 1541 430 1638 quod
450 1565 592 1619 eorum
610 1539 763 1642 globuli
777 1563 833 1618 ex
850 1543 1020 1618 identiea
1040 1544 1184 1617 matris
1206 1540 1376 1617 medulla
1401 1535 1689 1617 formentur&
1709 1564 1802 1642 pro·

109 1671 188 1767 pria
207 1667 274 1744 sua
297 1671 469 1754 virtute,
502 1692 576 1771 per
597 1666 803 1770 papillulas
824 1691 847 1745 e
866 1672 1021 1745 vertice
1044 1667 1112 1743 suo
1134 1667 1396 1768 pullulantes,
1430 1667 1469 1740 in
1491 1687 1623 1745 novas
1645 1670 1803 1768 plantas

107 1813 363 1894 procrescere
375 1807 543 1892 queant,
569 1795 716 1880 verbo,
740 1793 848 1890 quod
866 1795 1016 1891 globuli
1039 1793 1096 1870 illi
1118 1794 1304 1869 omnibus
1318 1795 1499 1869 numeris
1520 1792 1682 1870 absoluti
1703 1815 1802 1891 gon-

109 1920 186 2015 gyli
207 1919 304 2005 sint,
330 1919 370 1996 ba
385 1922 493 2016 quod
508 1941 590 1997 non
606 1921 683 1997 alla
701 1925 741 1995 in
763 1917 977 2006 Ceramus,
1003 1940 1120 2017 quam
1140 1941 1214 2019 per
1233 1919 1335 1995 solas
1354 1940 1551 2015 gemmas,
1580 1920 1710 1996 locum
1735 1924 1802 1997 ha-

107 2047 190 2121 beat
201 2052 504 2145 propagatlonis
518 2050 641 2123 ratio:
668 2047 762 2122 dum
777 2059 917 2123 eontra
934 2051 972 2122 in
989 2045 1097 2123 omni
1112 2049 1288 2143 genuino
1303 2045 1418 2121 Fueo
1434 2070 1535 2124 vera
1548 2051 1803 2146 reperiantur

107 2170 262 2268 semina,
290 2183 410 2247 utero
425 2175 609 2261 carnoso,
633 2197 657 2248 a
677 2177 816 2251 matris
832 2178 980 2251 cortice
996 2198 1041 2248 ae
1054 2173 1226 2250 medulla
1240 2172 1537 2259 distiubliffimo,
1562 2175 1759 2260 conclusa,

197 2384 340 2464 hona
361 2387 558 2466 nostrates
572 2390 719 2466 lemine
738 2388 1037 2489 inperpetuum
1056 2389 1166 2465 orbae
1186 2387 1226 2464 dt
1245 2409 1369 2464 merae
1384 2392 1641 2490 gemmiparae
1655 2391 1803 2490 plantas

107 2508 201 2592 sunt
245 2507 459 2591 Serninum
475 2515 549 2591 scil.
565 2517 674 2600 loco,
701 2519 827 2593 vivos
847 2515 992 2600 foetus,
1019 2515 1084 2590 seu
1099 2535 1223 2591 veras
1247 2514 1511 2613 Propagines,
1534 2516 1804 2594 emedullaris

104 2634 325 2714 subitantiae
348 2640 564 2736 segregatis
592 2643 774 2738 granulls
802 2638 879 2741 (r.)
908 2640 1104 2718 formatas
1132 2641 1367 2739 proferunt,
1402 2659 1550 2738 easque
1578 2640 1803 2720 Lichenum

103 2782 228 2849 more,
254 2765 410 2862 absque
429 2767 511 2842 ulla
535 2768 738 2844 manifesta
760 2771 800 2842 in
818 2771 968 2844 cortice
989 2778 1196 2866 apertura,
1222 2768 1399 2844 clancule
1420 2770 1602 2867 pariunt,
1625 2778 1675 2844 ut
1694 2769 1803 2847 dein·

103 2909 191 2987 ceps
206 2894 244 2964 in
259 2891 424 2991 plantas
439 2894 633 2970 matribus
651 2894 731 2969 liris
751 2892 982 2988 limillimas,
1008 2894 1086 2968 sola
1109 2895 1287 2969 omnium
1308 2895 1481 2993 partium
1503 2894 1660 2969 suarum
1676 2918 1804 2990 aequa·

103 3009 165 3088 bili
185 3016 446 3104 extensione,
470 3021 769 3098 convalescant.
822 3019 971 3096 Utrum
994 3019 1204 3095 Lenticula
1226 3020 1292 3094 illa
1313 3022 1457 3104 italica,
1482 3044 1504 3094 a
1525 3019 1804 3099 Vlnsmno

101 3135 178 3238 (2)
198 3153 283 3220 tam
304 3143 423 3229 male,
448 3144 488 3221 δι
509 3171 532 3220 a
551 3145 781 3223 Mrcnauo
803 3144 869 3244 (3)
892 3154 972 3220 tam
995 3146 1252 3221 artificialiter
1271 3145 1481 3246 descripta,
1508 3149 1546 3220 in
1569 3170 1706 3222 rerum
1722 3147 1804 3223 Na·

100 3271 185 3341 tura
203 3265 381 3344 existat?
417 3271 504 3348 aliis
526 3272 783 3350 decidendum
806 3272 1090 3367 relinquimus3
1118 3272 1156 3346 id
1174 3271 1309 3346 saltem
1331 3283 1561 3358 monentes,
1587 3274 1693 3369 quod
1713 3274 1805 3348 cha-

101 3387 228 3468 salter
256 3387 349 3493 ejus
384 3402 611 3492 genericus,
645 3420 770 3478 verus
793 3408 863 3472 aut
883 3379 1083 3490 fretitius,r
1100 3398 1139 3470 in
1165 3396 1363 3473 nostrates
1383 3397 1527 3498 stirpes
1549 3400 1661 3476 nullo
1685 3401 1804 3478 modo

101 3517 289 3611 quadret,
318 3521 358 3597 δι
371 3523 479 3618 quod
499 3523 569 3600 ista
589 3546 679 3600 curn
696 3526 760 3599 his
781 3546 983 3619 nunquam
1011 3519 1199 3598 debuisset
1215 3525 1389 3601 misceri.

193 3729 357 3839 Bloflum
372 3733 543 3831 denique
565 3737 713 3835 plantis
732 3737 982 3812 asexualibus
1002 3737 1253 3811 confidenter
1274 3738 1464 3815 addimus.
1513 3737 1710 3838 Quaenam
1727 3737 1806 3813 eia

99 3848 383 3934 &numerio
411 3858 487 3958 (4)
506 3863 672 3948 trallis,
706 3864 1036 3939 attribui-soleant
1055 3865 1327 3957 generationis
1347 3886 1517 3958 organa,
1548 3867 1693 3939 merito
1718 3861 1805 3939 llle-'

99 4000 207 4068 mus,
237 3989 336 4080 qula
358 3985 517 4070 sufficit,
540 3989 607 4063 vel
623 3989 748 4088 ipsum
771 3985 1081 4064 Sennmumuu
1101 3987 1416 4065 luculentillimis
1436 3995 1684 4086 argumentis
1702 4011 1806 4089 prae·
1901 3981 1903 3986 ’

98 4111 160 4180 ter
178 4113 452 4187 intentionem
473 4110 578 4188 litam
604 4113 898 4198 demonstr-alle,
925 4115 1031 4208 quod
1050 4137 1148 4189 vera
1168 4115 1313 4188 semina
1334 4114 1427 4189 huic
1448 4113 1557 4213 stirpi
1579 4125 1809 4216 competant

99 4233 270 4330 prorllls
290 4237 417 4332 nulla,
443 4239 600 4333 quando
614 4238 770 4316 disertis
787 4242 926 4317 verbis
943 4242 1016 4314 ait:
1042 4237 1198 4336 granulo
1219 4237 1301 4324 illo,
1328 4261 1420 4338 quae
1441 4263 1585 4341 nempe
1605 4267 1682 4342 pro
1697 4245 1808 4319 semi·

97 4359 219 4437 nibus
245 4363 403 4448 habuit,
429 4365 467 4441 ia
486 4365 610 4442 intima
633 4389 737 4442 carue
761 4363 803 4446 Θ
825 4359 971 4443 medulla
987 4378 1202 4464 generantur
1222 4362 1312 4467 (5)‚·
1335 4377 1439 4468 utque
1459 4363 1664 4447 evomueris
1689 4367 1810 4447 modus

124 4485 168 4572 ,θ
913 4512 986 4567 ca
1741 4519 1811 4573 non
1921 4514 1925 4522 ·

142 4681 192 4761 ι.)
216 4680 333 4746 idmst.
360 4705 430 4765 gen.
459 4698 481 4747 t.
510 4706 546 4749 ιι.
576 4683 723 4750 Lenticul.
744 4681 767 4749 s.
791 4707 813 4749 1.
835 4691 879 4751 M.
901 4687 942 4752 N.
1022 4691 1070 4786 3.)
1092 4685 1112 4751 l.
1136 4710 1162 4753 e.
1183 4703 1205 4751 t.
1229 4710 1264 4752 ιι.
1286 4686 1450 4753 Lenticula.

234 4792 552 4864 &damah

142 4941 190 5028 t.)
213 4947 248 5008 Ε.
277 4948 319 5008 Ν.
340 4950 373 5009 C.
394 4951 481 5011 Ceut.
505 4969 528 5011 ι.
548 4947 680 5035 append.
710 4968 740 5044 p⁸¹
770 4966 835 5029 174
858 4952 943 5015 Ceut.
1562 5034 1564 5040 y
1628 5047 1630 5052 Α
1727 5042 1729 5044 p

241 5075 270 5132 ³·
294 5061 367 5125 ΟΜ·
388 5078 434 5139 34·
456 5083 485 5148 Ρ·
508 5076 554 5140 89·
1024 5069 1069 5151 5.)
1092 5068 1241 5132 Sestum.
1257 5062 1284 5176 Ἰ.
1308 5086 1331 5128 c.
1354 5085 1384 5150 p.
1407 5078 1454 5150 25.
1476 5059 1566 5148 Μ.
1747 5051 1751 5056 ’

1022 4886 1069 4968 4)
1092 4880 1212 4948 Differt.
1233 4883 1270 4946 de
1294 4879 1395 4946 ulaua.
