4567 5959
1035 263 1063 314 Ο

753 551 1066 610 ‘m
1641 544 1767 602 cxvn

92 753 259 834 srntlibus
278 750 517 852 conjugatis:
543 755 649 834 utin
668 754 897 842 Helittere,
923 754 1096 852 Nigella,
1122 750 1366 830 Helleboro:
1390 749 1483 828 Alia
1506 774 1608 833 vero
1631 754 1765 838 diver·

93 882 244 980 gentias.
263 881 482 977 centnsuga,
513 885 671 978 quando
694 883 866 962 umbilici
890 878 1331 981 peripheriarnsruttus
1344 876 1534 978 spectant:
1546 894 1606 958 ut
1626 886 1667 957 in
1685 882 1771 960 Cu-

93 1010 298 1091 curbitaceis
312 1021 353 1084 et
375 1005 593 1105 Siliquosis.

176 1194 298 1272 Situm
317 1193 540 1270 naturalem
554 1167 800 1290 quandoque⁴
816 1216 892 1292 per
906 1194 1176 1268 maturitatem
1199 1189 1358 1267 frustus
1379 1197 1542 1277 mutari,
1569 1194 1767 1295 exemplis

92 1328 190 1424 supra
204 1308 451 1398 ostendimus.
502 1316 585 1395 Sed
601 1321 690 1395 heic
713 1321 830 1395 aliam
846 1320 1076 1393 notabimus
1099 1321 1140 1393 in
1164 1318 1239 1393 fitu
1253 1319 1568 1419 discrepantiam,
1608 1319 1767 1414 quando
1859 1359 1862 1363 ·

93 1447 257 1521 seminum
272 1466 492 1530 numerus,
514 1449 553 1520 in
579 1445 756 1532 duabus,
779 1442 955 1542 ejusdem
982 1449 1144 1540 generis
1170 1446 1384 1531 naturalis,
1412 1448 1615 1544 speciebus
1636 1447 1768 1523 diver-

93 1571 152 1655 ss,
174 1572 430 1668 diversuselt,
455 1583 502 1649 ut
517 1575 555 1646 in
569 1572 824 1669 Plantagine3
849 1575 1062 1647 tuncenim
1075 1573 1267 1649 seminum
1283 1572 1574 1668 quoquesrtus,
1593 1571 1770 1664 aliquan-

92 1707 163 1773 turn
181 1699 357 1775 diversus
377 1698 454 1774 esse
468 1700 575 1775 solet.
625 1697 687 1773 At
702 1701 811 1774 casus
826 1699 883 1775 isti
898 1699 988 1773 sunt
999 1700 1197 1786 rariores;
1223 1710 1265 1775 et
1282 1700 1504 1795 generatim
1517 1696 1566 1770 de
1579 1698 1770 1772 seminum

93 1823 153 1897 srtu
173 1828 207 1897 in
222 1823 492 1902 loculamentis
513 1827 798 1924 polyspermis,
823 1826 860 1900 id
879 1827 1098 1902 notandum
1116 1826 1195 1910 est,
1222 1825 1328 1921 quod
1350 1825 1417 1898 ille
1439 1827 1479 1897 in
1497 1824 1581 1905 his,
1607 1845 1690 1896 non
1710 1826 1771 1896 ni-

93 1956 157 2026 mis
168 1953 333 2046 rigorose
349 1952 589 2056 sumendus,
606 1952 672 2027 sed
693 1956 829 2050 potius
847 1952 894 2026 ad
911 1952 1028 2027 situm
1056 1951 1295 2051 receptaculi
1317 1952 1543 2026 communis
1561 1950 1772 2046 respicien·
1845 2047 1848 2055 Ι

94 2075 246 2162 dumet
267 2104 321 2154 ex
336 2104 390 2153 eo
407 2079 601 2153 seminum
618 2076 716 2152 litus
734 2073 1004 2174 dijudicandus
1018 2077 1075 2153 fit.
1131 2163 1134 2164 f
1736 2057 1741 2064 ⁸

97 2311 101 2340 ι
172 2258 315 2356 Figura
335 2265 376 2336 in
394 2262 605 2356 seminibus
626 2261 725 2336 adeo
744 2262 958 2360 multiplex
971 2273 1091 2357 atque
1111 2266 1225 2338 varia
1252 2261 1325 2350 est,
1351 2270 1398 2334 ut
1424 2258 1579 2332 nonnisi
1605 2281 1771 2353 genera-

95 2382 228 2460 liffimas
242 2384 332 2483 ejus
349 2389 649 2488 discrepantias,
680 2398 751 2461 aut
769 2410 862 2483 quae
881 2390 1059 2488 propriis
1078 2389 1306 2465 nominibus
1331 2384 1525 2480 infignitae
1548 2384 1667 2468 sunt,
1686 2385 1773 2457 heic

95 2511 240 2589 indicare
255 2517 386 2592 liceat

174 2698 302 2793 Ocno,
328 2702 512 2775 omnium
532 2698 625 2773 sunt
641 2696 921 2793 vulgatissima,
947 2699 1171 2798 praesertim
1196 2719 1265 2781 ea,
1292 2718 1384 2791 quae
1403 2694 1530 2768 altera
1546 2693 1612 2767 sua
1633 2702 1773 2767 extre·
1788 2711 1793 2727 ··

95 2820 224 2917 nitate,
248 2822 464 2910 coart‘tata,
492 2827 531 2898 in
547 2846 781 2900 mucronem
802 2824 985 2901 desinunt
1006 2825 1049 2900 et
1068 2826 1262 2918 lacrymae
1286 2822 1497 2920 pendentis
1516 2820 1692 2893 sormam·
1709 2818 1775 2890 ba·

95 2945 191 3034 beot,
209 2975 332 3046 quare
351 2966 395 3027 et
420 2948 628 3049 dacryoidea
648 2952 840 3048 appellari
862 2950 1033 3049 possent:
1059 2961 1106 3023 ut
1129 2952 1170 3022 in
1190 2947 1324 3044 Pyro,
1349 2944 1636 3044 Amygdaloet
1658 2947 1776 3015 innn-

95 3079 196 3151 meris
210 3079 311 3164 aliis3
336 3078 542 3171 regularis
564 3084 698 3150 autem
717 3075 848 3149 forma
876 3078 1064 3161 ovoidea,
1091 3085 1228 3160 ovata,
1253 3086 1324 3149 aut
1341 3072 1537 3168 elliptica,
1557 3073 1688 3144 rarior
1701 3068 1776 3152 est;

95 3205 128 3270 et
143 3223 252 3297 pauca
272 3225 439 3300 quoque
459 3202 605 3278 dantur
620 3202 770 3278 semina
795 3199 1136 3280 dimidiato-ovata:
1163 3213 1209 3278 ut
1227 3205 1268 3277 in
1282 3200 1423 3278 coffea
1442 3206 1484 3271 et
1503 3194 1777 3271 Umbeliiferis

95 3330 284 3405 nonnullis.

173 3509 340 3613 Globosc,
366 3534 449 3586 non
463 3521 620 3586 tantum
643 3515 778 3587 omnia
801 3510 940 3589 exatte
961 3512 1170 3613 sphaerica,
1202 3529 1294 3604 quae
1319 3509 1499 3606 apprime
1524 3530 1633 3600 rara,
1656 3465 1783 3624 sedet

94 3634 153 3708 alia
174 3644 299 3714 omnia
317 3639 527 3723 dicuntur,
553 3661 645 3732 quae
659 3662 747 3713 cum
761 3642 923 3714 notabili
943 3637 1141 3722 crassitie,
1159 3635 1416 3710 rotunditatis
1431 3635 1596 3731 speciem
1615 3633 1780 3707 habent:

93 3767 188 3838 etex
209 3765 271 3852 his
297 3761 566 3860 vulgatissima
588 3764 680 3837 sunt
691 3816 710 3849 ,.-
722 3761 954 3865 sribglobosm
982 3764 1174 3840 rarissima
1193 3772 1327 3835 autern
1347 3757 1612 3856 hemispherion,

173 3974 353 4077 Oblungn,
380 3981 526 4073 quibus
544 3984 587 4051 et
604 3976 768 4059 teretia,
799 3977 1033 4071 cylindrica‚
1058 3975 1295 4055 subsormia‚
1320 3969 1547 4069 prismati'ca
1568 3976 1609 4043 et
1630 3968 1776 4044 rostra-
1864 3957 1867 3962 ’

94 4102 130 4169 ta
149 4116 492 4191 annumerantur,
529 4107 570 4178 in
601 4101 877 4197 Graminibus,
924 4101 1194 4201 Compositis,
1228 4097 1500 4173 Umbelliferis
1525 4105 1598 4171 etc.
1633 4095 1780 4194 saepius

95 4244 310 4309 occurrunt.

173 4411 415 4509 Reniformio,
440 4423 484 4489 et
504 4413 670 4509 quidem·
679 4413 1000 4490 extremitatibus
1020 4412 1117 4504 suis,
1142 4409 1210 4484 vel
1229 4406 1466 4501 aequalibus,
1489 4407 1565 4484 vel'
1581 4403 1779 4501 inaequali·

93 4524 174 4616 bus,
205 4539 416 4615 admodum
445 4540 650 4616 familiaria
681 4542 770 4616 sunt
799 4535 1096 4635 Leguminofis,
1134 4533 1377 4617 Malvaceis,
1401 4532 1669 4630 Lychnideis,
1702 4529 1778 4607 So-

94 4652 271 4758 lanaceis,
290 4665 514 4743 Altinacois
536 4678 580 4744 et
597 4670 683 4743 aliis
700 4670 833 4743 variis,
1256 4659 1258 4661 ’

177 4844 417 4928 Lenticusaria
439 4861 480 4927 et
503 4855 562 4931 eis
582 4852 713 4927 affinia
734 4849 945 4935 orbiculata,
970 4869 1054 4924 non
1076 4846 1194 4924 valde
1213 4842 1436 4941 frequentia
1456 4844 1549 4921 sunt
1556 4870 1572 4919 t*
1598 4847 1779 4938 utrisque
1804 4823 1809 4833 ⁵

93 4968 374 5052 circumcaesura
401 4979 459 5056 cst
488 4980 724 5056 rotunditati
745 4982 966 5079 proximas
989 4976 1056 5053 scd
1083 4974 1335 5051 lenticularia-
1359 4975 1548 5068 utrmque
1574 4991 1779 5054 convexa,
1841 5079 1843 5086 Ι

1661 5104 1779 5170 acuto
