4567 5959
824 555 1129 616 -““Ε““-.-“““.--““
1781 565 1832 626 11

113 762 190 837 nisi
213 785 304 840 cum
331 762 549 841 earundem
574 762 653 839 basi
682 764 871 840 cohaeret.
922 757 1106 842 Gemmss
1132 763 1361 865 compositis
1386 761 1496 853 solis,
1522 762 1563 842 &
1591 787 1645 842 ne
1665 768 1731 843 his
1749 767 1831 863 qui-

114 892 211 966 dem
234 892 421 966 omnibus
451 894 659 991 competit,
685 892 725 968 &
751 897 975 988 generatim
1001 894 1072 970 vel
1096 893 1305 977 caducum,
1329 894 1401 969 vel
1426 895 1560 979 stabile
1585 894 1652 970 est.
1712 892 1830 971 Cadu-

115 1044 211 1103 crim,
237 1020 329 1093 solis
357 1022 527 1113 gemmis
552 1017 684 1094 striste
707 1018 760 1093 fic
784 1017 897 1094 distis
923 1019 1164 1102 concessum,
1191 1020 1391 1094 formatur
1416 1045 1472 1094 ex
1497 1022 1667 1116 squamis
1695 1019 1831 1096 herba·

115 1147 201 1219 cais
226 1155 297 1219 aut
321 1150 529 1242 coriaceis,
555 1171 600 1221 ac
623 1148 768 1245 saepius
794 1145 1021 1242 glutinosis,
1050 1168 1142 1241 quae
1169 1146 1396 1222 constanter
1422 1147 1489 1220 sub
1514 1149 1633 1245 ipsam
1659 1165 1831 1243 gemmae

114 1272 447 1368 explicationem,
474 1276 541 1353 vel
565 1278 680 1351 brevi
707 1274 811 1373 post,
837 1275 976 1371 sponte
1003 1272 1196 1350 defluunt.
1247 1269 1382 1352 Stabile
1402 1285 1537 1348 autem
1557 1275 1831 1356 involucrum,

115 1393 263 1471 Bulbis
292 1404 509 1498 'proprium
542 1402 617 1485 est,
657 1402 698 1476 δι
727 1425 783 1475 ex
809 1402 979 1495 squamis
1014 1398 1149 1474 crassis
1178 1424 1224 1473 ac
1249 1399 1483 1482 succulentis
1509 1403 1831 1501 compaginatur,

114 1541 213 1614 quae
243 1523 321 1597 bafi
357 1530 505 1601 carinae
535 1525 744 1603 arctissime
766 1525 984 1600 adhaerent
1006 1527 1045 1601 &
1072 1550 1163 1601 cum
1188 1528 1262 1602 hac
1289 1531 1328 1601 in
1355 1550 1477 1603 novae
1503 1529 1653 1626 plantae
1677 1536 1833 1627 partem

115 1650 306 1742 migrant.
358 1651 610 1750 Quocunque
642 1662 776 1728 autem
812 1653 931 1728 modo
966 1655 1177 1728 involucra
1208 1655 1316 1750 sese
1347 1654 1536 1740 habeant,
1571 1657 1610 1729 id
1643 1655 1832 1728 omnibus

118 1799 353 1871 commune,
400 1781 509 1874 quod
540 1802 744 1875 nunquam
777 1780 1099 1879 conceptaculum
1141 1782 1314 1856 clausum
1355 1781 1547 1866 efficiant,
1588 1785 1694 1855 intra
1725 1776 1834 1874 quod

115 1924 274 1996 gemma
309 1904 488 1979 conclusa
519 1904 593 1990 sit,
633 1906 699 1981 sed
734 1907 844 2001 quod
874 1908 1101 1984 constanter
1132 1932 1180 1982 ea
1212 1916 1349 2006 parte,
1394 1929 1472 2001 qua
1512 1931 1620 1983 nova
1644 1899 1834 2004 'prodibit

113 2030 270 2126 planta,
301 2029 501 2106 foramine
526 2031 594 2108 vel
620 2035 721 2108 rima
745 2033 884 2119 hient;
928 2034 969 2108 δι
993 2034 1101 2129 quod
1127 2035 1288 2134 plenam
1314 2033 1423 2110 suam
1448 2034 1620 2110 sormam
1644 2056 1729 2108 non
1751 2032 1831 2108 adi-

114 2157 349 2254 piscantur,
375 2156 446 2231 nifi
472 2158 681 2257 postquam
705 2163 852 2235 carinae
876 2160 1022 2236 fabrica
1047 2161 1221 2235 absoluta
1246 2160 1314 2236 est.

215 2392 287 2468 Ex
319 2392 512 2471 succinsla
544 2394 617 2468 hac
648 2392 901 2469 formationis
942 2412 1193 2486 gemmarum
1233 2387 1510 2489 exposrtione,
1548 2394 1687 2489 sponte
1723 2413 1832 2466 nunc

117 2516 321 2610 sequentia
344 2518 482 2595 fluunt
513 2517 768 2596 consestaria:
803 2522 1013 2616 nemper⁰
1034 2515 1330 2612 quodNatura
1355 2520 1395 2589 in
1424 2516 1693 2616 producendis
1718 2538 1831 2610 gem·

113 2644 216 2727 mis,
242 2647 400 2722 inverso
421 2650 612 2747 procedat
634 2647 774 2727 ordine
795 2648 843 2720 ab
866 2643 951 2736 illo,
977 2666 1096 2740 quem
1109 2647 1150 2717 in
1173 2643 1448 2718 construendis
1469 2652 1583 2716 tenet
1596 2643 1830 2717 seminibus:

112 2790 209 2843 nam
235 2772 276 2844 in
303 2771 405 2858 istis,
442 2777 618 2873 primum
640 2772 812 2848 medulla
837 2773 876 2846 δι
902 2771 1153 2868 postmodum
1180 2773 1347 2867 reliquae
1372 2794 1428 2845 ex
1455 2769 1596 2845 ordine
1620 2769 1831 2845 struuntur

112 2904 255 2990 partes
280 2910 485 2986 externae;
511 2913 553 2976 at
576 2904 616 2974 in
642 2901 728 2985 his,
763 2899 989 2998 constanter
1015 2918 1158 2972 omnes
1182 2907 1319 2996 partes
1345 2908 1530 2973 extem-ae
1556 2900 1670 2995 prius
1696 2896 1830 2969 elabo-

112 3030 217 3096 ratae
243 3024 350 3110 sunt,
376 3037 591 3121 antequam
616 3009 686 3102 vel
710 3029 920 3101 minimum
945 3010 1186 3121 embryonis'
1207 3034 1399 3123 appareat
1430 3024 1662 3126 vestigium:
1704 3043 1830 3115 quare

113 3145 222 3222 haud
246 3153 470 3247 incongrue
496 3153 671 3236 dixeris,
695 3153 974 3229 formationem
999 3174 1171 3247 gemmae
1198 3152 1248 3223 ibi
1275 3153 1466 3249 incipere,
1492 3150 1559 3224 ubi
1584 3149 1649 3221 illa
1671 3149 1830 3222 seminis

113 3273 267 3350 desinit.
319 3284 365 3350 2⁰
399 3282 507 3375 quod
535 3301 707 3375 gemmae
739 3281 932 3363 medulla,
972 3278 1021 3353 sit
1053 3299 1150 3377 pars
1185 3279 1353 3352 identica
1389 3262 1577 3350 medullae
1611 3284 1829 3357 maternam

112 3400 211 3476 dum
242 3416 387 3480 contra
419 3409 579 3483 seminis
612 3407 806 3490 medulla,
840 3428 923 3479 non
955 3403 1073 3504 possit
1103 3426 1187 3478 non
1220 3401 1297 3476 esse
1333 3400 1609 3477 novissima&
1633 3425 1658 3474 a
1689 3395 1835 3475 matris

111 3529 195 3603 suae
223 3528 524 3622 distinstiffima3
558 3538 650 3634 quia
677 3534 715 3609 id
740 3554 822 3606 non
848 3541 1004 3606 tantum
1034 3533 1208 3605 ocularis
1234 3529 1351 3603 docet
1376 3525 1580 3625 inspectio,
1618 3527 1680 3602 sed
1710 3529 1829 3600 etiam

112 3658 207 3748 quia
239 3657 361 3729 cultae
386 3658 535 3756 plantae
564 3660 716 3742 semen,
752 3643 956 3754 saepissime
982 3657 1159 3731 sobolem
1190 3654 1334 3746 seram,
1369 3654 1408 3730 ὅ(
1433 3654 1651 3749 hybridum
1676 3653 1827 3733 semen,

110 3782 271 3879 semper
298 3782 497 3861 diversam
521 3811 544 3860 a
572 3786 794 3861 matresua
819 3782 1003 3881 producit
1027 3784 1225 3880 plantam3
1251 3782 1362 3856 secus
1387 3790 1506 3874 atque
1533 3800 1708 3872 gemma,
1730 3799 1828 3871 ‚quae

110 3907 421 3984 constantissime
448 3911 654 3988 identicam
684 3915 826 3987 matris
851 3910 930 3983 suae
950 3909 1138 3992 sormam,
1165 3930 1253 3981 cum
1270 3907 1362 4004 ipsis
1383 3908 1462 3980 suis
1478 3906 1608 3978 naevis
1624 3927 1669 3977 ac
1694 3903 1827 3979 desor-

111 4038 339 4124 mitatibuS,
370 4059 444 4132 per
472 4038 613 4135 plures
640 4040 944 4131 generationum
974 4035 1098 4108 series
1124 4032 1356 4130 reproducit
1381 4032 1421 4106 δι
1446 4039 1684 4130 perpetuat:
1723 4029 1828 4104 unde

112 4165 235 4235 etiam
262 4157 372 4234 reste
397 4162 556 4255 quidam
581 4165 789 4256 dixerunt,
820 4184 902 4235 non
930 4182 1057 4237 novas
1083 4181 1159 4256 per
1185 4179 1385 4250 gemmam
1412 4155 1588 4256 plantas,
1630 4158 1695 4231 sed
1722 4178 1830 4232 nova
1897 4231 1900 4237 ,

109 4286 315 4361 duntaxat
339 4297 526 4362 veterum
553 4288 719 4386 produci
751 4288 947 4388 exempla.
999 4293 1039 4379 3⁰
1068 4285 1177 4381 quod
1201 4288 1334 4360 omnis
1365 4305 1539 4377 gemma,
1571 4281 1828 4382 tunica‘pro-

108 4415 203 4511 pria
227 4412 261 4504 s.
288 4410 388 4486 testa
420 4435 519 4488 vera
549 4424 683 4486 careat
713 4421 832 4507 atque
861 4412 949 4510 ejus
973 4417 1082 4498 loco,
1113 4437 1228 4487 mero
1253 4416 1423 4497 cortice,
1459 4389 1602 4488 vestita
1633 4413 1697 4497 lit3
1735 4414 1829 4506 quia

110 4560 308 4632 germen,
345 4558 429 4612 non
461 4562 517 4612 ex
541 4540 703 4613 miscela
727 4538 975 4617 diversorum
1007 4539 1245 4621 fluidorum,
1274 4541 1333 4611 uti
1358 4539 1512 4633 semen,
1537 4539 1599 4613 sed
1628 4538 1829 4614 maniseste

108 4685 170 4738 ex
196 4665 278 4762 ipsa
304 4665 444 4739 matris
469 4665 642 4739 medulla
667 4666 808 4739 oritur.
859 4669 908 4758 4⁰
938 4667 1043 4759 quod
1070 4669 1110 4738 in
1140 4666 1310 4759 gemmis
1336 4665 1492 4739 nullum
1518 4665 1702 4740 radiculae
1736 4689 1830 4765 pro·

108 4794 216 4889 priae
242 4799 337 4864 ante
370 4789 586 4866 earundem
610 4773 901 4866 euolutionem.
918 4788 1043 4867 adesse
1068 4786 1187 4890 possit
1216 4789 1450 4882 vestigium
1485 4795 1577 4886 quia
1614 4812 1755 4867 omnes
1786 4794 1829 4863 in

107 4919 259 4992 matris
304 4938 479 5016 corpore
517 4918 704 4996 radicatae
737 4917 837 4992 sunt
896 4916 1068 5011 denique
1108 4921 1148 5007 5⁰
1183 4915 1291 5011 quod
1321 4916 1573 5010 homogenea
1610 4918 1659 4992 fit
1695 4916 1828 4990 omnis

942 5044 968 5119 b
1657 5062 1829 5135 gemmae
