4567 5959
441 502 473 558 x
1144 475 1451 548 ·...·=·-·...r.·'.t

443 711 615 793 gemmae
634 689 842 770 iublhntia
863 692 1037 782 interna,
1074 695 1098 772 i.
1114 718 1148 775 e.
1168 713 1224 774 ex
1241 697 1326 774 solo
1344 697 1494 773 cortice
1516 693 1556 772 ἃ
1577 715 1704 780 carne¹
1719 694 1908 789 conflata,
1931 717 2007 770 nec
2029 694 2152 790 quial.

443 821 671 918 quaminiis
689 820 934 919 reperiatur,
952 821 1154 918 quodullo
1164 825 1283 902 modo
1300 849 1390 903 cum
1405 825 1618 910 albumine‚
1633 823 1794 909 vitello,
1820 820 2144 918 cotyledonibus,

443 960 513 1026 aut
533 950 608 1024 alia
627 969 865 1043 quacunque
887 948 936 1023 ad
956 949 1245 1028 alimentariam
1262 953 1497 1049 embryonis
1516 952 1717 1028 officinam
1731 944 1928 1049 spet‘tante
1952 947 2146 1045 particula

444 1073 562 1175 polilt
582 1076 828 1171 comparari3
865 1077 957 1167 quia
979 1079 1111 1153 omnis
1133 1101 1305 1174 gemma,
1351 1079 1442 1178 ipfis
1461 1080 1683 1155 visceribus
1703 1078 1895 1154 maternis
1916 1077 2065 1158 innata,
2091 1095 2146 1147 ex

445 1203 646 1276 communi
658 1200 844 1275 omnibus
858 1201 1138 1280 alimentorum
1154 1227 1262 1304 penu
1273 1208 1471 1291 nutritur,
1497 1215 1667 1300 augetur
1680 1212 1799 1298 atque
1810 1204 1964 1277 crescit.
2014 1197 2149 1293 Quod·
2248 1238 2250 1242 ·

445 1351 605 1423 cunque
630 1329 752 1422 igitur
776 1333 1078 1426 propagationis
1102 1354 1286 1427 organon
1316 1331 1397 1408 istis
1426 1353 1595 1428 gemmae
1616 1330 1747 1429 privis
1778 1328 1938 1403 dotibus
1964 1325 2150 1424 stipatum

446 1453 486 1530 ὃ(
503 1452 602 1548 ditia
618 1456 775 1532 ratione
790 1455 1006 1532 formatum
1024 1456 1166 1542 fuerit,
1192 1459 1228 1533 id
1243 1479 1405 1552 quoque
1420 1459 1589 1555 gemmis
1603 1457 1683 1530 erit
1695 1452 1975 1538 allocandum,
1999 1450 2152 1528 etiamli

446 1582 545 1660 facie
562 1582 630 1657 lua
652 1590 826 1657 externa
846 1605 869 1655 a
887 1584 1123 1678 vulgaribus
1146 1585 1315 1678 gemmis
1333 1592 1429 1674 toto
1442 1578 1545 1654 coelo
1566 1582 1696 1668 distet,
1722 1582 2001 1676 &genuinum
2022 1578 2151 1674 quod-

448 1708 538 1784 dam
557 1708 690 1782 semen
716 1708 766 1781 ad
787 1707 964 1785 amuflim
984 1711 1269 1809 repraesentet:
1294 1707 1459 1786 vicillim
1483 1732 1585 1788 vcro
1603 1731 1724 1784 onrue
1740 1710 1796 1792 id,
1824 1707 1938 1785 veris
1957 1725 2152 1781 annume-

448 1815 603 1911 rabitur
618 1835 848 1929 seminibus,
883 1835 990 1930 quod
1009 1841 1230 1914 contrarias
1247 1838 1365 1916 habet
1379 1837 1589 1932 qualitates
1604 1858 1649 1911 ac
1663 1838 1774 1926 ‚intra
1788 1835 1961 1910 tunicam
1975 1839 2152 1929 integer-

450 1960 594 2034 rimam
616 1960 800 2038 nucleum
822 1963 957 2039 condit
980 1988 1036 2040 ex
1059 1967 1241 2065 partibus
1263 1965 1547 2059 heterogeneis
1567 1941 1754 2057 organice
1776 1959 1988 2052 struttum,
2019 1958 2151 2035 velet

451 2083 624 2159 radicula
649 2093 815 2190 propria
840 2089 1040 2166 dotatum:
1069 2114 1162 2167 nam
1183 2114 1340 2168 merum
1362 2090 1635 2166 rudimentum
1658 2088 1859 2172 radiculae,
1885 2089 1990 2160 intra
2012 2080 2154 2178 testam

452 2211 690 2310 conspicuae,
723 2215 925 2291 infallibile
957 2221 1048 2295 veri
1069 2219 1228 2295 seminis
1250 2215 1404 2313 lignum
1432 2216 1501 2292 est.
1562 2214 1703 2312 Atque
1726 2213 1779 2287 lic
1797 2209 1879 2310 jam
1901 2211 2070 2311 propius
2105 2205 2154 2282 ad

453 2340 664 2413 certiorem
689 2340 729 2416 δι
749 2340 967 2419 faciliorem
985 2343 1132 2420 horum
1158 2354 1402 2441 organorum
1431 2339 1716 2419 distinttionem
1739 2335 1978 2424 aoceffirnus.
2038 2334 2152 2431 Quo·

452 2465 560 2538 niam
586 2488 690 2542 vero
723 2467 826 2543 haud
853 2493 979 2569 pauca
1004 2493 1151 2546 eorum
1173 2470 1272 2548 adeo
1301 2469 1512 2565 exquisitae
1531 2469 1622 2545 sunt
1651 2469 1891 2569 parvitatis,
1925 2474 1972 2539 nt
1997 2463 2154 2536 interna

453 2615 595 2677 eorum
613 2594 760 2669 fabrica
784 2617 947 2673 omnem
967 2598 1178 2674 oculorum
1202 2596 1372 2692 effugiat
1393 2599 1537 2683 aciem,
1561 2596 1747 2671 ultimum
1769 2592 1971 2668 confilium
1994 2595 2032 2666 in
2055 2614 2154 2667 evo-

453 2718 607 2796 lutione
620 2725 794 2820 partium
811 2724 888 2803 erit
902 2725 1187 2819 quaerendum,
1209 2723 1414 2821 liquidem
1427 2724 1475 2799 ab
1490 2724 1600 2800 omni
1618 2743 1761 2798 errore
1784 2721 1861 2795 tuti
1875 2715 1952 2793 elle
1969 2718 2154 2796 velimus.

553 2963 751 3050 Evolutio
765 2988 1013 3062 gemmarum
1033 2969 1091 3047 est
1108 2968 1330 3047 carendum
1346 2967 1539 3045 tranlltus
1550 2972 1590 3042 in
1607 2967 1749 3045 statum
1766 2967 1914 3067 plantae
1929 2962 2157 3044 declaratae,

456 3088 662 3186 postquam
677 3117 700 3169 a
715 3106 843 3170 matre
857 3098 924 3171 sua
937 3118 1179 3191 quocunque
1195 3095 1313 3172 modo
1328 3095 1517 3194 separatae
1532 3091 1755 3192 &suijuris
1767 3089 1880 3167 latras
1899 3091 2000 3164 sunt.
2050 3084 2159 3185 Ope·

457 3226 571 3291 ratur
589 3219 675 3294 haec
693 3224 861 3296 mutatio
875 3247 897 3296 a
912 3224 1012 3300 vitae
1022 3224 1178 3299 viribus
1189 3228 1591 3321 pervegetationem,
1620 3244 1716 3318 qua,
1740 3215 1781 3295 &
1792 3240 1914 3294 novae
1932 3217 1971 3289 in
1987 3213 2159 3310 gemmis

458 3346 686 3421 excitantur
704 3360 865 3446 partes,
891 3347 1122 3448 &pristinae
1142 3349 1385 3450 potiliimum
1406 3358 1524 3446 atque
1539 3350 1718 3448 propriae
1730 3349 1785 3421 ita
1801 3348 1842 3419 in
1853 3344 1984 3420 lucem
2001 3361 2160 3441 ponun-

459 3477 545 3554 tur,
569 3480 618 3544 ut
637 3495 737 3547 vera
750 3472 990 3569 lingularum
1014 3485 1152 3573 pateat
1166 3477 1319 3554 indoles
1340 3488 1461 3572 atque
1473 3485 1626 3550 natura.
1676 3472 1787 3548 Hinc
1806 3494 1888 3547 non
1906 3471 1993 3544 aliae
2011 3470 2159 3543 haben-

460 3603 528 3668 tur
555 3601 686 3692 magir
708 3601 799 3674 fidae
829 3623 1073 3695 organorum
1101 3579 1418 3702 propagationis'
1429 3613 1538 3678 notae
1563 3596 1814 3686 diffinitivae,
1841 3619 1960 3693 quam
1989 3618 2083 3691 quae
2105 3614 2160 3670 ex

459 3723 680 3799 eorundem
698 3722 931 3803 evolutione
942 3727 1092 3813 fluunt,
1120 3733 1307 3824 quomam
1321 3753 1401 3804 non
1415 3731 1492 3804 alio
1505 3726 1624 3803 modo
1639 3730 1769 3804 tutius
1782 3729 2011 3817 certiusque
2028 3728 2161 3818 partes

461 3849 581 3922 vivas
594 3850 641 3922 ab
656 3853 899 3937 inanimatis,
924 3876 969 3926 ac
982 3865 1176 3948 vegetans
1188 3858 1506 3951 integumentum
1527 3852 1716 3930 corticale
1738 3873 1909 3947 gemmae
1925 3850 1973 3925 ab
1992 3843 2161 3922 inerti&

462 3972 593 4049 fluxili
605 3980 737 4051 tunica
752 3978 918 4076 propria
933 3979 1094 4056 seminis
1108 3982 1336 4058 discernere
1362 3983 1469 4057 licet.

565 4214 675 4295 Solae
701 4240 848 4317 nempe
874 4230 1012 4318 partes
1039 4224 1203 4311 vitales,
1238 4228 1278 4300 in
1304 4222 1492 4302 universa
1519 4220 1711 4298 machina'
1721 4220 1952 4316 vegetabili,
1985 4220 2162 4296 smcemr

464 4348 541 4423 fail.
554 4357 699 4421 cortex
717 4355 836 4439 atque
850 4369 991 4423 recens
1010 4373 1104 4425 caro
1128 4355 1217 4427 veri
1236 4352 1471 4426 incrementi
1483 4360 1602 4443 atque
1614 4350 1863 4427 evolationis
1880 4367 2045 4447 capaces
2057 4346 2161 4426 sunt»

465 4494 609 4548 ornnes
624 4481 759 4546 autem
776 4471 966 4565 reliquae,
990 4471 1264 4572 cujuscunque
1286 4475 1429 4572 figurae
1443 4484 1513 4550 aut
1527 4475 1686 4551 fabricae
1703 4476 1876 4560 fuerint,
1901 4474 2059 4549 nonniii
2081 4472 2161 4548 ista·

443 4651 450 4660 ·
465 4622 557 4673 rum
571 4600 763 4674 beneficio
778 4600 976 4675 vivunt&
989 4611 1069 4677 tam
1082 4605 1149 4679 diu
1166 4606 1300 4678 saltem
1317 4627 1393 4702 per
1411 4604 1497 4677 illas
1516 4605 1658 4696 vigent
1670 4613 1792 4699 atque
1805 4611 2012 4685 crescunt,
2037 4600 2163 4675 donec

467 4726 675 4801 delinitum
695 4725 844 4801 moduli
857 4728 913 4801 sui
934 4732 1142 4824 attigerint
1156 4732 1393 4814 terminum,
1425 4727 1560 4828 postea
1577 4749 1679 4805 vero
1699 4732 1853 4804 inertes
1873 4729 1912 4803 ἃ
1933 4726 2040 4823 quali
2057 4746 2162 4800 mor·

467 4862 551 4927 ture
570 4850 675 4926 fiunt
698 4875 742 4927 ac
761 4850 919 4930 nullum
939 4858 1109 4955 anipliua
1129 4879 1205 4957 per
1229 4858 1527 4951 vegetationem
1554 4866 1624 4930 aut
1648 4857 1978 4951 germinationem
2003 4853 2164 4949 capiunt

2042 4996 2162 5050 incre
