4567 5959
497 536 675 606 cxxxw
1195 532 1502 577 w

497 758 592 858 quid
613 762 747 830 autem
774 745 823 820 ab
844 736 932 836 his,
956 736 1075 817 rem
1102 737 1207 816 offea
1229 739 1361 828 distet,
1396 741 1513 840 supra
1542 730 1744 827 diximum
1773 754 1899 836 quare
1916 738 1954 816 id
1970 745 2112 819 tantum
2126 744 2163 820 de

500 883 591 984 ejus
608 888 774 958 textura
793 868 1007 952 addemur,
1032 866 1140 963 quod
1164 866 1252 944 lere
1275 867 1432 966 semper
1454 884 1511 942 ex
1540 860 1807 944 minutiiiimie
1825 862 1866 943 dr
1884 870 2163 969 impalprbdiiur

499 1006 706 1116 particulis
729 994 944 1097 compossta
962 993 1026 1080 iit,
1058 1002 1331 1093 praeterquam
1353 993 1395 1066 in
1417 989 1593 1069 Camirio
1613 992 1654 1068 δι
1674 987 1868 1093 Sapaudo,
1896 1012 2065 1090 quorum
2089 1000 2162 1076 testa

467 1122 470 1129 ’
498 1159 555 1215 ex
576 1136 692 1217 fibris
713 1120 1029 1204 horizontalibua
1058 1120 1098 1194 dr
1116 1120 1430 1219 splendentibus,
1455 1118 1575 1195 instar
1596 1116 1804 1196 Amianthi
1825 1129 1894 1196 eut
1909 1119 2035 1221 Gypli
2053 1121 2162 1210 inni,

498 1256 671 1343 conflata
691 1257 768 1341 est3
794 1275 870 1328 nec
891 1270 975 1325 non
995 1251 1035 1322 in
1057 1245 1279 1331 Mammea,
1300 1243 1420 1343 cujus
1438 1246 1536 1323 testa
1566 1266 1622 1323 cx
1645 1247 1761 1324 fibris
1788 1246 1976 1343 lignoile,
2002 1249 2165 1348 medune

498 1402 544 1467 et
559 1392 662 1466 miro
692 1382 812 1461 modo
838 1380 944 1453 inter
961 1374 1001 1455 se
1017 1375 1383 1481 contempneritis,
1405 1374 1616 1457 ferentin
1635 1374 1763 1479 topho
1785 1374 1985 1461 radicum,
2006 1375 2163 1453 mnaru-

500 1488 595 1598 nata
612 1504 939 1617 deprehenditur,

599 1725 886 1825 Cujuscunque
909 1724 1045 1796 autem
1070 1716 1331 1794 confistentiae
1353 1716 1394 1793 dt
1414 1717 1574 1796 fabricae
1599 1718 1649 1795 iit
1674 1714 1792 1803 testa,
1828 1719 1985 1819 semper
2006 1741 2060 1793 ex
2077 1719 2164 1792 unice

499 1867 623 1953 atque
651 1852 912 1947 integerrima
935 1847 1193 1945 componitur
1219 1847 1373 1931 tunica,
1398 1843 1440 1921 dt
1459 1849 1645 1942 quamvis
1664 1848 1705 1921 in
1730 1844 1954 1945 Diospyro,
1990 1843 2163 1941 Royenla‚

502 1994 624 2080 atque
645 1980 789 2057 Ebeno
804 1969 988 2072 Rampiii,
1012 1992 1268 2070 peromnem
1291 1970 1402 2046 suum
1419 1973 1609 2048 ambitum
1624 1971 1724 2049 adeo
1738 1970 1942 2072 protunda
1960 1971 2060 2047 linea
2073 1968 2163 2046 iitin·

502 2110 667 2208 scripta,
690 2112 739 2181 ut
749 2127 807 2180 ex
822 2101 974 2178 duabus
988 2100 1165 2178 valvulis
1182 2098 1439 2200 compositam
1453 2098 1529 2176 elie
1537 2096 1720 2197 jurarem
1745 2109 1879 2174 tamen
1896 2099 1966 2173 vel
1984 2101 2024 2172 in
2036 2093 2165 2195 hisipfls

504 2235 762 2329 integerrima
781 2228 857 2323 est,
883 2249 1153 2322 necunquam
1173 2226 1290 2301 aliam
1306 2226 1425 2301 habet
1441 2237 1692 2327 aperturam,
1716 2233 1867 2325 praeter
1881 2222 2007 2299 lblum
2021 2223 2165 2298 foramen

502 2356 754 2451 umbilicale,
788 2354 896 2452 quod
919 2356 1029 2431 omni
1057 2376 1173 2438 uerae
1198 2351 1358 2428 seminis
1383 2350 1498 2430 testae
1516 2350 1731 2429 neoell’an’o
1757 2350 1996 2452 insculptum
2021 2348 2082 2426 est.
2119 2342 2166 2423 Sic

502 2502 664 2580 quoque
678 2503 834 2580 (porro,
860 2485 966 2558 inter
985 2478 1273 2557 constantiores
1294 2474 1406 2555 testae
1425 2478 1540 2557 dotes
1567 2478 1826 2556 referendum
1849 2476 1931 2573 est,
1962 2474 2064 2573 quod
2081 2474 2166 2549 unica

502 2609 701 2687 duntaxat
723 2609 836 2682 intus
857 2606 1027 2701 gaudeat
1045 2606 1216 2681 cavitate
1239 2624 1328 2680 cum
1359 2600 1501 2681 nucleo
1524 2604 1665 2682 unicor
1692 2606 1877 2706 exceptis
1898 2601 2098 2680 seminibus
2115 2592 2165 2673 sa·

504 2734 642 2836 pindi,
672 2730 934 2817 Crescentiae,
958 2728 1129 2830 Jussiaeae
1145 2726 1385 2827 patescentis,
1410 2731 1450 2807 dr
1474 2728 1766 2826 quodammodo
1786 2735 1909 2809 etiam
1928 2725 2115 2806 Morindae
2135 2720 2165 2797 εἰ·

504 2857 670 2958 trifolio,
693 2857 839 2954 quibus
859 2857 957 2934 testa
979 2856 1209 2933 bilocularis
1228 2859 1430 2959 competit
1480 2854 1539 2933 Et
1559 2858 1729 2952 denique
1755 2862 1874 2934 etiam
1894 2850 2165 2959 proprietatibus

505 2982 627 3083 hujus
645 2986 908 3079 integumenti
924 2983 1286 3069 annumerandum,
1312 2984 1420 3078 quod
1431 2986 1665 3060 laturatiore
1681 2985 1722 3060 δι
1742 2984 1898 3061 diverso
1914 3009 1938 3061 a
1959 2980 2109 3076 reliquis
2126 2974 2143 3050 i
2152 3015 2165 3033 ·

505 3114 625 3190 minis
644 3110 825 3209 partibus
848 3109 1020 3205 gaudeat
1043 3109 1208 3193 colore,
1238 3106 1281 3183 dr
1296 3110 1405 3203 quod
1417 3112 1458 3183 in
1478 3112 1682 3209 plerisque
1702 3110 1915 3186 seminibus
1943 3132 2086 3186 nexum
2101 3124 2166 3178 urm

504 3239 650 3317 nucleo
674 3237 817 3313 habeat
839 3236 1017 3319 nullum,
1041 3232 1108 3310 sed
1126 3234 1240 3312 facile
1253 3236 1302 3310 ab
1319 3259 1371 3310 eo
1389 3234 1508 3335 pellit
1521 3235 1635 3319 solvi,
1663 3246 1936 3336 praeterquam
1952 3238 1992 3312 in
2008 3229 2164 3323 endan·

505 3364 632 3459 nnsis,
656 3363 886 3445 ruminatis,
918 3360 1086 3456 aliisque
1107 3362 1337 3457 nonnullis,
1361 3360 1832 3461 demonocotyledonum
1845 3366 1971 3450 niun,
1996 3356 2165 3459 inquibus

506 3492 603 3571 testa
622 3485 923 3592 pertinaciffime
944 3487 1089 3565 nucleo
1103 3489 1293 3567 adlraercc

602 3700 867 3778 Mannum
888 3716 1105 3784 rutenae,
1130 3721 1213 3774 non
1228 3698 1386 3796 quidem
1407 3702 1512 3776 inter
1528 3698 1875 3797 constantisfiman,
1899 3707 2070 3777 attamen
2089 3698 2166 3769 inter

505 3830 733 3906 uiitatiores
752 3824 910 3901 seminia
925 3826 1080 3899 tunicas
1096 3825 1241 3905 referri
1258 3833 1457 3911 meretum
1481 3824 1552 3902 etfi
1572 3829 1678 3903 enim
1701 3830 1805 3929 saepe
1821 3830 1994 3911 deficiat,
2019 3827 2166 3917 frequen

504 3958 587 4030 tius
603 3964 738 4028 tamen
763 3949 891 4034 adest,
915 3948 956 4022 δι
973 3970 1262 4047 nonnunquam
1282 3952 1453 4027 deficere
1483 3952 1620 4033 ffltem
1642 3954 1822 4041 videtur,
1847 3954 2009 4050 qimrrdo
2027 3972 2092 4051 per
2111 3962 2167 4018 ma

505 4082 711 4156 turitatem
727 4075 844 4153 valde
859 4083 1095 4162 extenuata,
1120 4091 1191 4157 aut
1214 4102 1303 4155 cum
1321 4082 1596 4174 integumento
1618 4092 1792 4157 externo
1814 4085 1868 4156 ita
1892 4081 2032 4157 coalita
2053 4073 2116 4155 est,
2134 4069 2167 4137 ui

505 4220 589 4283 non
607 4203 778 4306 amplius
799 4203 876 4277 rite
891 4199 1072 4288 discerni,
1100 4204 1229 4281 multo
1251 4208 1383 4281 minus
1403 4214 1535 4283 autem
1552 4208 1600 4284 ab
1618 4208 1697 4281 hoc
1717 4206 1889 4306 separari
1908 4212 2038 4303 queat
2082 4191 2167 4273 Seu·

505 4354 580 4432 per
606 4330 791 4404 nucleum
820 4329 1070 4425 proxime&
1097 4328 1305 4408 aretiffime
1340 4333 1518 4420 investit,
1548 4354 1572 4407 a
1598 4330 1696 4409 testa
1717 4354 1821 4412 vero
1850 4333 2021 4409 libenter
2040 4318 2166 4404 secedit·

505 4460 548 4533 ἃ
561 4456 631 4533 vel
653 4463 739 4528 tota
757 4454 1077 4538 membranacea,
1103 4457 1170 4533 vel
1196 4454 1236 4531 a
1254 4461 1389 4534 rarius
1404 4459 1676 4559 subspongiosa
1698 4458 2021 4558 deprehenditur.
2064 4450 2167 4550 Apes·

506 4594 641 4659 turam
661 4578 813 4653 nullam
835 4577 972 4663 habet,
1003 4600 1056 4653 ne
1070 4580 1329 4659 umbilicalem
1350 4586 1525 4680 quidem,
1551 4586 1616 4662 sed
1638 4586 1832 4661 sacculum
1856 4587 2065 4661 aemulatur
2080 4569 2166 4651 unii·

506 4734 586 4809 que
610 4705 801 4805 clausum,
826 4700 940 4800 cujus
966 4715 1179 4784 externam
1205 4708 1453 4809 superficiem
1478 4713 1569 4787 vala
1594 4710 1828 4788 umbilicalia
1846 4722 1966 4809 atque
1988 4696 2167 4786 nutrientia

505 4841 762 4939 pompinat,
788 4830 946 4925 sitisque
974 4831 1123 4909 ostiolis
1148 4838 1253 4911 intra·
1268 4832 1360 4932 ejus
1380 4840 1598 4915 cavitatem
1627 4838 1834 4915 insensibili
1853 4838 1971 4914 modo
1994 4835 2111 4910 hiant,
2134 4824 2167 4890 li

505 4973 593 5043 tota
612 4963 700 5045 haue
718 4959 989 5057 meulbrarua
1011 4959 1104 5041 solis
1124 4962 1230 5043 vairs
1243 4964 1531 5043 umbilicalibue
1547 4965 1632 5043 &a
1660 4966 1792 5042 deleto
1814 4964 1927 5043 ovuii
1948 4959 2092 5039 Charin
2106 4953 2165 5022 cx·

2077 5080 2165 5158 cicc
2229 5106 2230 5135 ι
