4567 5959
785 485 1091 571 ἔζη-..ε
1706 510 1782 571 xcx

184 717 366 813 Reliquae
390 712 634 815 capsularum
655 710 895 792 differentiae
915 716 1211 812 generaliores,
1237 719 1449 816 apartium
1472 720 1781 813 combinatione,

95 845 434 928 &avalvularum
448 854 568 939 atque
588 842 948 918 loculamentorum
968 864 1138 917 numero
1161 841 1201 915 ὃ(
1218 840 1295 916 situ
1316 843 1519 932 oriundae,
1543 871 1601 921 ex
1621 860 1780 924 antece-

91 974 266 1057 dentibus
287 969 517 1044 hauriendae
531 970 642 1052 sunta
666 969 915 1069 specialiores
930 977 1062 1041 autern
1085 967 1230 1061 figurae
1253 968 1294 1044 δι
1315 968 1474 1047 fabricae
1493 972 1780 1074 discrepantiae‚

93 1094 202 1197 hujus
219 1097 298 1173 ioci
313 1118 396 1169 non
414 1094 520 1191 sunt,
546 1096 609 1170 sed
631 1097 669 1169 in
691 1095 912 1194 specierum
932 1084 1163 1170 recenffone
1188 1096 1315 1190 quaeri
1338 1094 1493 1175 debent.

178 1310 284 1389 Nux
301 1310 359 1387 est
376 1312 701 1410 conceptaculum
717 1309 881 1404 durum,
906 1308 1014 1404 quod
1028 1310 1095 1385 vel
1117 1311 1234 1410 plane
1254 1332 1337 1386 non
1351 1311 1535 1398 dehiscit,
1563 1310 1674 1391 velli
1690 1338 1780 1415 ape·

91 1441 203 1523 nitran,
228 1460 433 1533 nunquam
455 1441 495 1512 in
521 1438 708 1517 valvulas
735 1437 888 1512 duabus
907 1438 1047 1535 plures
1076 1438 1227 1513 secedit.
1281 1437 1419 1513 Habet
1435 1461 1488 1515 ex
1517 1440 1644 1515 altera
1666 1452 1781 1540 parte

90 1564 313 1638 affinitatem
337 1587 427 1640 cum
443 1564 673 1666 Capsulis&
696 1590 751 1640 ex
772 1566 897 1638 altera
910 1587 1000 1639 cum
1014 1564 1186 1663 Drupis,
1212 1566 1309 1660 quin
1326 1564 1427 1639 &ad
1442 1566 1588 1640 semina
1603 1568 1705 1642 nuda
1722 1570 1780 1641 in-

91 1690 236 1766 terdum
254 1667 398 1766 referri
415 1693 521 1768 solet.
570 1691 612 1767 A
627 1692 792 1791 capsulis
818 1700 977 1775 autem,
1004 1692 1043 1767 ba
1065 1692 1261 1787 figillatim
1282 1715 1305 1765 a
1336 1690 1497 1784 lignosas
1523 1692 1565 1768 dt
1591 1697 1783 1769 coriaceis

91 1813 209 1900 distat,
232 1816 415 1914 plenario
433 1818 689 1895 valvularum
710 1815 881 1901 defectu,
904 1817 947 1893 ὅ(
966 1818 1064 1901 basi,
1087 1820 1193 1918 saepe
1212 1820 1291 1893 late
1322 1818 1471 1892 derasa:
1508 1842 1530 1893 a
1551 1820 1691 1920 drupis
1712 1845 1783 1896 au-

90 1950 163 2019 tem
184 1942 338 2029 differt,
362 1944 566 2020 manifesta
584 1942 711 2020 Nauci
731 1947 758 2021 s.
777 1948 991 2045 putaminis
1014 1945 1209 2030 nuditate,
1231 1954 1301 2018 aut
1326 1943 1353 2016 li
1375 1956 1521 2021 cortex
1540 1947 1652 2031 adfit,
1676 1943 1782 2043 ejus·

92 2069 172 2144 dem
192 2072 433 2168 incompleta
452 2071 499 2146 ad
521 2074 672 2170 apicem
690 2073 954 2148 dehiscentia:
981 2072 1153 2166 denique
1168 2096 1191 2145 a
1206 2073 1418 2145 seminibus
1432 2072 1547 2148 nudis
1564 2071 1781 2171 discrepat,

91 2196 240 2271 notabili
262 2199 482 2295 putaminis
502 2195 687 2282 eraffitie,
712 2195 971 2295 ejusdemque
987 2198 1086 2271 facili
1110 2222 1133 2270 a
1157 2199 1299 2271 nucleo
1315 2196 1475 2281 secessu,
1501 2223 1575 2274 nec
1594 2221 1677 2272 non
1699 2224 1780 2273 ma·

92 2322 229 2398 nifestis
260 2322 366 2400 valis
393 2323 680 2399 umbilicalibus
717 2330 821 2399 intra
848 2327 1057 2398 cavitatem
1086 2321 1213 2398 Nauci
1235 2324 1394 2421 politis:
1421 2327 1527 2398 utin
1557 2323 1781 2411 Nelumbo,

92 2448 329 2535 Artacardio,
353 2448 607 2547 Eriophoro,
633 2449 881 2551 Asperisoliis
897 2454 1029 2528 variis.
1079 2448 1333 2524 Differentiae
1354 2446 1482 2525 Nucis
1492 2454 1689 2548 propriae,
1715 2453 1782 2527 de·

94 2577 295 2653 sumuntur
327 2576 374 2651 ab
410 2569 498 2672 ejus
534 2578 846 2672 integumentis,
891 2577 1160 2661 consistentia,
1205 2577 1449 2651 dehiscentia
1486 2592 1606 2673 atque
1638 2578 1784 2653 fabrica

95 2704 247 2778 interna.

92 2966 95 2971 ,
179 2887 335 2965 Omnes
364 2888 449 2965 fere
479 2888 599 2964 nudae
623 2888 715 2963 sunt
742 2900 811 2962 aut
833 2890 908 2962 vix
927 2888 1165 2964 discernibili
1190 2888 1432 2985 epidermide
1457 2889 1636 2976 vestitae,
1664 2900 1783 2986 atque

95 3014 315 3114 superficies
334 3038 471 3093 carum
493 3026 691 3121 externa,
719 3016 955 3114 plerumque
984 3020 1142 3114 glabra,
1170 3020 1266 3111 quin
1290 3016 1488 3091 interdum
1511 3016 1784 3114 splendens'ac

94 3139 372 3236 laevigatiffima
391 3143 466 3218 est:
492 3144 533 3216 in
557 3141 769 3226 Restione,
792 3139 1225 3239 Balanopteride(1.),
1252 3141 1550 3241 Lithosperm03
1576 3153 1622 3217 ut
1650 3117 1786 3218 tamen

93 3288 373 3363 nonnunquam
394 3269 536 3364 rugosa
558 3290 719 3363 quoque
737 3266 802 3350 fit,
836 3272 875 3341 in
891 3267 1086 3367 Juglande
1108 3266 1148 3341 ὃ(
1161 3253 1387 3344 Rhizobolo
1411 3268 1522 3367 (a),
1554 3268 1620 3347 vei
1641 3269 1784 3367 subpu-

95 3392 250 3471 bescens
273 3398 316 3468 in
341 3394 517 3469 Mirabili
539 3407 658 3490 atque
683 3392 842 3468 Protea.
892 3393 999 3468 Aliae
1028 3406 1162 3467 autem
1187 3395 1388 3472 manifeste
1414 3398 1591 3472 corticata
1611 3397 1716 3488 sunt,
1745 3394 1785 3470 &

94 3523 242 3614 quidem
265 3525 435 3608 cortice,
475 3522 543 3599 vel
569 3521 891 3605 membranaceo,
931 3522 1032 3619 saepe
1062 3526 1101 3595 in
1127 3523 1227 3595 alam
1251 3532 1319 3596 aut
1343 3521 1467 3598 costas
1501 3506 1719 3619 produsto:
1744 3525 1785 3594 in

93 3643 203 3734 Pino,
228 3645 382 3745 Thuja,
407 3647 637 3731 Casuarina,
664 3645 869 3745 Carpino,
902 3645 1175 3744 Cynoglois03
1209 3649 1276 3725 vel
1303 3649 1343 3723 bc
1369 3652 1547 3722 coriaceo
1570 3647 1712 3722 crasso:
1743 3646 1809 3718 in'

94 3769 307 3867 Juglande:
348 3800 440 3872 quae
470 3775 711 3875 posteriores
738 3797 761 3846 a
796 3773 950 3872 Drupis
977 3775 1085 3849 siccis
1114 3798 1225 3869 aegre
1256 3775 1541 3850 discernuntur.
1600 3774 1784 3868 Denique

95 3900 201 3974 etiam
215 3901 491 3997 frequentius,
520 3925 639 3999 quam
654 3903 727 3975 alia
747 3902 987 4001 pericarpia,
1013 3899 1239 3978 invulnerata
1252 3902 1359 3976 sunt:
1387 3904 1424 3974 in
1436 3899 1642 3983 Castanea,
1659 3898 1784 3993 Fago,

95 4022 218 4120 Taxo,
247 4015 461 4129 Junipero,
492 4026 666 4126 Corylo,
692 4027 879 4123 Quercu:
905 4048 1074 4121 quarum
1091 4028 1319 4103 indumenta
1335 4028 1382 4102 ab
1403 4029 1569 4101 incautis
1586 4050 1676 4102 cum
1695 4050 1785 4125 cap·

97 4150 166 4225 sula
181 4157 248 4231 vel
265 4158 383 4231 bacca
407 4154 595 4231 confundi
611 4155 749 4232 solent.

185 4360 461 4446 Consistentia,
487 4363 708 4457 generatim
733 4360 850 4447 sicca,
876 4362 993 4435 firma
1009 4358 1048 4434 δι
1064 4358 1185 4452 dura3
1211 4360 1408 4458 speciatim
1430 4383 1551 4443 vero,
1578 4359 1646 4434 vei
1665 4360 1785 4434 coria·

97 4507 175 4568 cea,
198 4491 236 4561 in
260 4488 510 4572 Hernandia,
540 4487 690 4589 Trapa,
716 4488 925 4571 Castanea3
952 4486 1021 4563 vel
1044 4485 1259 4569 mustacea,
1291 4488 1331 4558 in
1353 4484 1621 4584 Cyperoideis
1645 4486 1686 4560 δι
1711 4483 1785 4559 Ai-

97 4612 283 4704 perisoliis
299 4618 445 4699 variisa
470 4614 537 4689 vel
554 4616 990 4696 cavernoso-coriacea,
1015 4615 1051 4685 in
1064 4609 1291 4686 Anacardio
1305 4612 1345 4686 bc
1363 4609 1563 4707 Acajuba;
1589 4615 1655 4689 vel
1672 4612 1784 4691 ossea,
1846 4690 1852 4704 ⁶

98 4737 131 4807 in
153 4736 366 4834 Juglande,
390 4740 510 4826 Pino,
542 4739 722 4838 Corylo;
748 4742 815 4818 vel
846 4740 1016 4833 denique
1040 4738 1213 4837 lapidea,
1239 4741 1278 4811 in
1299 4737 1506 4821 Restione,
1540 4736 1785 4833 lliyosotide,

921 4890 961 4940 m
992 4883 1013 4936 2
1594 4860 1784 4936 Onosma:

138 5080 180 5155 1.)
203 5079 340 5145 Tothila.
362 5087 481 5148 Henn.
502 5106 578 5148 mue.
599 5080 682 5156 zeyl.
704 5095 750 5160 48.
998 5081 1047 5159 2.)
1070 5080 1192 5142 Peckea.
1216 5086 1369 5143 Auster.
1391 5078 1491 5155 guian.
1515 5077 1574 5138 tab.
1597 5095 1657 5149 239.
