4567 5959
408 496 602 602 κδ’
1221 558 1523 615 ====

610 756 862 834 Dehiscentia
882 758 922 833 in
942 756 1211 855 leguminibus
1236 762 1391 837 nonnisi
1410 762 1560 861 duplex
1586 758 1726 836 datura
1750 761 1911 839 valvata
1929 724 2003 836 scil.
2018 761 2179 840 &articu-

511 887 600 962 lata.
651 886 787 963 Multa
812 896 946 960 tamen
974 886 1172 982 legumina
1199 891 1358 966 evalvia
1385 892 1498 964 sunt:
1528 898 1576 965 ut
1604 888 1859 990 drupacea&
1889 891 2042 964 baccata
2064 868 2180 974 omnia,

510 1036 687 1088 necnon
707 1016 819 1090 varia
834 1010 927 1105 alia,
953 1015 1171 1113 praesertim
1187 1017 1359 1109 ⁴foliaceo
1382 1014 1623 1114 compresla:
1650 1012 1813 1101 Cercis,
1840 1012 2005 1099 Sennae,
2033 1014 2180 1090 Coluteae

510 1136 691 1216 tartareo.
741 1138 915 1218 Valvata
935 1163 1034 1218 vero
1059 1146 1237 1217 omnium
1252 1144 1490 1220 usitatillima
1507 1144 1615 1226 sunt,
1645 1141 1686 1217 δι
1705 1166 1759 1216 ex
1777 1142 1839 1216 his
1858 1144 2072 1240 praesertim
2084 1142 2180 1214 bival·

508 1271 596 1352 via;
623 1272 755 1342 minus
770 1268 909 1343 crebra
924 1268 1012 1342 sunt
1025 1272 1253 1356 univalvia,
1280 1271 1351 1346 nisr
1372 1274 1410 1346 in
1428 1269 1694 1365 leguminibus
1714 1269 1877 1367 spuriis;
1906 1279 1948 1342 et
1963 1271 2127 1342 omnium
2140 1270 2181 1338 in-

508 1395 821 1491 frequentissima
843 1397 1026 1488 reliqua:
1058 1408 1104 1470 ut
1123 1399 1322 1483 trivalve,
1361 1400 1401 1471 in
1429 1396 1645 1490 Moringa3
1679 1395 1966 1491 quadrivalve,
2005 1397 2042 1466 in
2069 1392 2182 1466 Acacia

509 1518 757 1621 quadrivario&
783 1533 825 1598 et
846 1526 1034 1618 utrinque
1055 1524 1282 1608 valvatum,
1308 1526 1346 1597 in
1367 1520 1581 1599 Biserrula.
1631 1520 1856 1598 Articulata
1877 1521 2120 1601 dehiscentia,
2138 1520 2179 1591 lo-

508 1650 560 1723 lis
585 1648 671 1723 fere
695 1647 961 1744 leguminibus
987 1654 1170 1749 propria,
1204 1662 1245 1724 et
1264 1673 1316 1725 ne
1345 1655 1383 1725 in
1404 1651 1467 1726 his
1494 1651 1652 1745 quidem
1681 1650 1892 1726 admodum
1923 1647 2108 1741 frequens
2129 1644 2180 1719 eli:

509 1777 663 1850 occurit
690 1797 836 1875 nempe
862 1780 900 1850 in
923 1775 1151 1862 Coronida,
1177 1774 1518 1874 AEschynomene,
1545 1778 1774 1873 Hedylaro,
1799 1772 2043 1872 Scorpium,
2069 1770 2181 1844 Mimo·

508 1904 566 1996 la,
593 1913 635 1978 et
652 1904 787 2001 paucis
810 1901 921 1986 aliis;
948 1913 1067 1998 atque
1091 1901 1275 1978 Mimosae
1303 1905 1481 1989 articuli,
1513 1906 1671 2003 insuper
1698 1925 1880 1999 quoque,
1914 1921 1998 1973 non
2022 1923 2122 1982 raro,
2143 1899 2182 1970 bi·

507 2031 654 2105 valves
676 2028 773 2103 sunt.
825 2028 972 2104 Cetera
985 2030 1113 2103 adhuc
1129 2031 1366 2124 notandum,
1392 2033 1498 2126 quod
1519 2033 1764 2124 leguminum
1784 2028 2053 2120 oblongorum
2067 2025 2181 2100 valvu-

509 2155 577 2239 loe,
604 2152 692 2253 post
707 2154 979 2231 dehiscentiam
1000 2156 1131 2241 suam,
1158 2158 1392 2255 plerumque
1413 2158 1522 2233 funis
1538 2157 1707 2233 adinstar
1722 2162 2084 2247 contorqueantur:
2106 2160 2144 2223 ut
2154 2150 2181 2220 in

507 2282 633 2373 ,Viciis
648 2291 689 2355 et
710 2283 750 2353 in
775 2281 852 2378 ipsa
870 2280 1094 2375 rigidissima
1111 2282 1345 2382 Caesalpinia
1369 2282 1539 2380 Sepyram
1576 2294 1617 2358 et
1637 2283 1743 2378 quod
1764 2283 1966 2377 legumina
1989 2279 2090 2353 haud
2114 2298 2181 2349 rara

509 2430 599 2482 curn
621 2407 787 2504 strepitu
808 2406 1012 2483 dehiscant
1031 2420 1151 2504 atque
1174 2410 1241 2483 sua
1260 2411 1382 2506 longe
1403 2411 1581 2507 extrase
1606 2405 1816 2510 projiciant
1836 2409 2005 2505 semina:
2030 2413 2075 2477 ut
2090 2397 2184 2500 Spar·

510 2539 634 2621 tium,
660 2532 785 2615 Ulex,
809 2528 991 2618 Genista,
1017 2545 1059 2612 et
1085 2537 1176 2611 alia

607 2764 896 2843 Locnlamenta
915 2771 1138 2856 verticalia,
1163 2771 1276 2846 saxi
1303 2769 1515 2871 parallela,
1540 2772 1580 2845 in
1599 2770 1867 2866 leguminibus
1893 2764 2087 2840 rarissima
2103 2763 2183 2840 lunt,

510 2916 584 2968 nec
612 2892 681 2967 nisi
703 2897 743 2967 in
758 2892 1071 2973 unilocularibus
1086 2906 1155 2972 aut
1178 2894 1400 2993 conjugatis
1423 2901 1642 2974 habentur:
1668 2908 1715 2972 ut
1738 2901 1776 2970 in
1801 2894 2036 2987 Astragalo,
2068 2888 2184 2966 Phae,

508 3021 738 3105 Biserrula,
762 3019 947 3106 Colutea,
974 3020 1144 3097 Trifolio
1159 3035 1231 3099 etc.
1250 3027 1288 3096 in
1304 3026 1665 3119 reliquisomnibus
1681 3022 1961 3098 transversalia
1980 3020 2071 3095 sunt
2088 3012 2183 3090 etsrbi
2236 3118 2237 3125 Ν

509 3155 651 3243 mutuo
673 3146 990 3246 superimpofita,
1011 3173 1034 3224 a
1057 3148 1234 3224 duobus:
1258 3163 1304 3224 ut
1325 3151 1607 3247 inHedysaro,
1634 3172 1762 3245 usque
1780 3151 1828 3225 ad
1848 3145 2054 3241 ostoginta
2071 3141 2184 3240 etplu·
2236 3128 2237 3137 '

508 3294 572 3343 ra:
598 3283 645 3345 ut
668 3273 707 3344 in
726 3272 878 3353 Caffiis,
929 3272 1051 3375 Saepe
1075 3286 1210 3350 autem
1232 3274 1500 3375 dissepimenta
1527 3300 1602 3375 per
1633 3279 1901 3351 maturitatem
1934 3273 2186 3349 obsolescunt,

508 3408 556 3470 ut
574 3397 757 3492 legumen
776 3412 966 3499 appareat
980 3402 1241 3486 unilocularc,
1268 3403 1374 3497 quod
1388 3428 1531 3479 revera
1545 3404 1827 3502 pluriloculare
1844 3403 1922 3485 est,
1947 3400 2049 3475 ficut
2075 3401 2109 3467 in
2123 3392 2185 3468 Do·

508 3522 632 3608 ltcho,
665 3523 844 3623 Lupino‚
869 3527 1168 3603 Phaseoloetc:
1190 3551 1315 3622 quare
1338 3540 1381 3604 et
1409 3533 1446 3603 in
1475 3532 1554 3613 his,
1583 3533 1793 3604 immatura
1816 3530 1956 3603 ovaria
1979 3516 2186 3622 inspicienda
2238 3514 2239 3557 ³

507 3648 621 3735 sunt,
646 3650 740 3725 lide
758 3651 1118 3729 loculamentorurn
1137 3677 1308 3730 numero
1324 3659 1425 3731 certi
1445 3655 1520 3730 else
1540 3657 1752 3739 volumus;
1778 3657 1894 3729 sedin
1920 3652 2118 3751 plerisque
2137 3667 2186 3743 pa·

507 3798 599 3850 rum
630 3777 777 3864 refert,
813 3779 1021 3858 delinitum
1042 3782 1140 3856 scire
1162 3806 1305 3858 eorum
1330 3806 1562 3865 numerum,
1595 3790 1637 3854 et
1664 3783 1886 3872 generatim
1914 3778 2026 3852 nolle
2051 3766 2185 3850 sufficit,

506 3925 609 3977 anne
631 3902 818 3999 legumen
842 3909 1000 3984 uni-aut
1019 3908 1304 4008 pluriloculare
1320 3907 1395 3985 lits
1420 3910 1512 4003 quia
1531 3927 1746 3991 numerus,
1773 3907 1846 3982 vel
1860 3908 1898 3979 in
1912 3904 2057 3980 eadem
2069 3900 2179 4001 specie,
2237 3938 2239 4013 4

507 4030 717 4108 admodum
745 4036 883 4110 variat.

603 4242 986 4347 Leguminasjvuriu,
1010 4250 1100 4324 sunt
1119 4250 1304 4349 capsulae,
1329 4252 1519 4350 utsupra
1538 4250 1731 4342 diximus,
1756 4244 2053 4348 quae-respectu·
2071 4247 2185 4336 sigum

506 4381 713 4459 externae,
741 4374 965 4451 insertionis
980 4377 1171 4451 seminum
1185 4377 1224 4451 δι
1246 4378 1494 4452 dehiscentiae
1518 4379 1627 4461 suae,
1649 4381 1877 4474 proximam
1902 4398 1991 4450 cum
2028 4375 2132 4450 veris
2146 4365 2187 4437 le·

505 4500 892 4592 guminibushabent
907 4502 1160 4586 affinitatem,
1186 4510 1232 4577 ut
1244 4504 1400 4576 nonnisi
1416 4527 1469 4579 ex
1488 4505 1680 4579 seminum
1705 4505 1850 4578 fabrica
1873 4506 1950 4576 rite
1971 4499 2186 4575 abinvicem

505 4624 677 4719 dignosci
703 4638 860 4721 queant
912 4627 1018 4705 Veri
1031 4649 1175 4726 nempe
1190 4627 1403 4723 leguminis
1418 4631 1548 4706 semen
1569 4631 1723 4730 semper
1737 4623 2190 4727 embryonem-continet

504 4745 624 4847 cujus
637 4753 905 4847 cotyledones
927 4755 993 4829 sua
1006 4757 1277 4849 magnitudine
1292 4768 1417 4831 totam
1433 4760 1642 4832 cavitatem
1661 4758 1772 4833 testae
1789 4755 1962 4854 replent,
1990 4755 2063 4830 vel
2077 4750 2187 4825 saltem

503 4901 590 4952 earn
605 4877 854 4976 longitudine
867 4890 986 4975 atque
1005 4880 1244 4965 latitudine,
1267 4880 1397 4957 sinon
1420 4882 1459 4957 ὅ(
1480 4882 1647 4987 crassitie
1670 4886 1752 4967 sua,
1777 4889 2012 4977 exaequant3
2038 4879 2076 4952 di
2096 4866 2188 4964 cujus

502 5004 701 5094 radicula„
721 5008 895 5109 excepta
903 5005 1123 5086 Galliarum
1140 5008 1309 5097 familia,
1329 5000 1486 5108 semper
1499 5019 1665 5089 curuata
1678 5009 1718 5085 dr
1734 5009 1876 5087 uersus
1896 5011 2040 5083 riinam
2061 4995 2187 5091 cotyle-

2059 5130 2185 5207 donum
