<?xml version="1.0" encoding="UTF-8"?>
<!DOCTYPE html PUBLIC "-//W3C//DTD XHTML 1.0 Transitional//EN"
    "http://www.w3.org/TR/xhtml1/DTD/xhtml1-transitional.dtd">
<html xmlns="http://www.w3.org/1999/xhtml" xml:lang="en" lang="en">
 <head>
  <title>
</title>
<meta http-equiv="Content-Type" content="text/html;charset=utf-8" />
  <meta name='ocr-system' content='tesseract 3.04.00' />
  <meta name='ocr-capabilities' content='ocr_page ocr_carea ocr_par ocr_line ocrx_word'/>
</head>
<body>
  <div class='ocr_page' id='page_1' title='image "./defructibusetse00librgoog_0065.png"; bbox 0 0 4567 5959; ppageno 0'>
   <div class='ocr_carea' id='block_1_1' title="bbox 807 503 1816 586">
    <p class='ocr_par' dir='ltr' id='par_1_1' title="bbox 807 503 1816 586">
     <span class='ocr_line' id='line_1_1' title="bbox 807 503 1816 586; baseline 0.004 -20"><span class='ocrx_word' id='word_1_1' title='bbox 807 503 1116 586; x_wconf 44' lang='lat' dir='ltr'>&#39;a</span> <span class='ocrx_word' id='word_1_2' title='bbox 1319 545 1321 554; x_wconf 73' lang='lat'>‹</span> <span class='ocrx_word' id='word_1_3' title='bbox 1704 503 1816 572; x_wconf 68' lang='lat' dir='ltr'>mx</span> 
     </span>
    </p>
   </div>
   <div class='ocr_carea' id='block_1_2' title="bbox 113 725 1825 2222">
    <p class='ocr_par' dir='ltr' id='par_1_2' title="bbox 113 725 1825 2222">
     <span class='ocr_line' id='line_1_2' title="bbox 131 725 1813 832; baseline -0.001 -27"><span class='ocrx_word' id='word_1_4' title='bbox 131 807 137 816; x_wconf 76' lang='grc'><em>,</em></span> <span class='ocrx_word' id='word_1_5' title='bbox 214 725 387 808; x_wconf 83' lang='lat' dir='ltr'>Numeri</span> <span class='ocrx_word' id='word_1_6' title='bbox 415 729 673 807; x_wconf 85' lang='lat' dir='ltr'>inconstantia</span> <span class='ocrx_word' id='word_1_7' title='bbox 700 726 827 828; x_wconf 86' lang='lat' dir='ltr'>major</span> <span class='ocrx_word' id='word_1_8' title='bbox 847 732 924 818; x_wconf 83' lang='lat' dir='ltr'>est,</span> <span class='ocrx_word' id='word_1_9' title='bbox 961 743 1060 809; x_wconf 84' lang='lat' dir='ltr'>nam·</span> <span class='ocrx_word' id='word_1_10' title='bbox 1082 731 1286 832; x_wconf 82' lang='lat' dir='ltr'>saepillime</span> <span class='ocrx_word' id='word_1_11' title='bbox 1306 735 1528 816; x_wconf 82' lang='lat' dir='ltr'>inmaturo</span> <span class='ocrx_word' id='word_1_12' title='bbox 1554 727 1689 807; x_wconf 75' lang='lat' dir='ltr'>sruttu</span> <span class='ocrx_word' id='word_1_13' title='bbox 1719 749 1813 829; x_wconf 87' lang='lat' dir='ltr'>pau·</span> 
     </span>
     <span class='ocr_line' id='line_1_3' title="bbox 113 857 1815 961; baseline 0 -33"><span class='ocrx_word' id='word_1_14' title='bbox 113 857 227 932; x_wconf 87' lang='lat' dir='ltr'>eiora</span> <span class='ocrx_word' id='word_1_15' title='bbox 252 859 387 934; x_wconf 86' lang='lat' dir='ltr'>ovulis</span> <span class='ocrx_word' id='word_1_16' title='bbox 406 857 760 958; x_wconf 78' lang='lat' dir='ltr'>deprehenduntur</span> <span class='ocrx_word' id='word_1_17' title='bbox 778 859 952 961; x_wconf 78' lang='lat' dir='ltr'>senrina:</span> <span class='ocrx_word' id='word_1_18' title='bbox 979 860 1084 936; x_wconf 92' lang='lat' dir='ltr'>unde</span> <span class='ocrx_word' id='word_1_19' title='bbox 1105 858 1243 933; x_wconf 87' lang='lat' dir='ltr'>salsum</span> <span class='ocrx_word' id='word_1_20' title='bbox 1262 859 1518 955; x_wconf 88' lang='lat' dir='ltr'>quandoque,</span> <span class='ocrx_word' id='word_1_21' title='bbox 1552 859 1605 934; x_wconf 83' lang='lat' dir='ltr'>dc</span> <span class='ocrx_word' id='word_1_22' title='bbox 1625 858 1815 952; x_wconf 75' lang='lat' dir='ltr'>generice</span> 
     </span>
     <span class='ocr_line' id='line_1_4' title="bbox 113 979 1825 1082; baseline -0.002 -20"><span class='ocrx_word' id='word_1_23' title='bbox 113 980 345 1062; x_wconf 72' lang='lat' dir='ltr'>charactere</span> <span class='ocrx_word' id='word_1_24' title='bbox 365 998 408 1060; x_wconf 86' lang='lat' dir='ltr'>ct</span> <span class='ocrx_word' id='word_1_25' title='bbox 426 1006 523 1060; x_wconf 87' lang='lat' dir='ltr'>vera</span> <span class='ocrx_word' id='word_1_26' title='bbox 540 983 765 1081; x_wconf 86' lang='lat' dir='ltr'>plantarum</span> <span class='ocrx_word' id='word_1_27' title='bbox 779 984 987 1074; x_wconf 83' lang='lat' dir='ltr'>affinitate,</span> <span class='ocrx_word' id='word_1_28' title='bbox 1011 986 1143 1061; x_wconf 88' lang='lat' dir='ltr'>fertur</span> <span class='ocrx_word' id='word_1_29' title='bbox 1152 979 1354 1079; x_wconf 86' lang='lat' dir='ltr'>judicium.</span> <span class='ocrx_word' id='word_1_30' title='bbox 1418 984 1476 1060; x_wconf 78' lang='lat' dir='ltr'>lta</span> <span class='ocrx_word' id='word_1_31' title='bbox 1496 983 1698 1082; x_wconf 73' lang='lat' dir='ltr'>Lagoeciae</span> <span class='ocrx_word' id='word_1_32' title='bbox 1715 1002 1825 1060; x_wconf 56' lang='lat' dir='ltr'>ovas¹</span> 
     </span>
     <span class='ocr_line' id='line_1_5' title="bbox 115 1087 1815 1208; baseline -0.001 -25"><span class='ocrx_word' id='word_1_33' title='bbox 115 1112 179 1184; x_wconf 86' lang='lat' dir='ltr'>ria</span> <span class='ocrx_word' id='word_1_34' title='bbox 207 1113 337 1185; x_wconf 89' lang='lat' dir='ltr'>omnia</span> <span class='ocrx_word' id='word_1_35' title='bbox 365 1107 405 1183; x_wconf 70' lang='grc' dir='ltr'>δι</span> <span class='ocrx_word' id='word_1_36' title='bbox 428 1087 713 1208; x_wconf 82' lang='lat' dir='ltr'>Hali&#39;elquistiae</span> <span class='ocrx_word' id='word_1_37' title='bbox 740 1116 858 1186; x_wconf 87' lang='lat' dir='ltr'>etiam</span> <span class='ocrx_word' id='word_1_38' title='bbox 888 1116 1020 1188; x_wconf 89' lang='lat' dir='ltr'>omnia</span> <span class='ocrx_word' id='word_1_39' title='bbox 1043 1115 1201 1198; x_wconf 60' lang='lat' dir='ltr'>oraria,</span> <span class='ocrx_word' id='word_1_40' title='bbox 1256 1134 1339 1186; x_wconf 90' lang='lat' dir='ltr'>non</span> <span class='ocrx_word' id='word_1_41' title='bbox 1367 1114 1551 1207; x_wconf 73' lang='lat' dir='ltr'>exceptis</span> <span class='ocrx_word' id='word_1_42' title='bbox 1581 1108 1815 1204; x_wconf 73' lang='lat' dir='ltr'>radialibuS,</span> 
     </span>
     <span class='ocr_line' id='line_1_6' title="bbox 114 1227 1812 1336; baseline -0.003 -23"><span class='ocrx_word' id='word_1_43' title='bbox 114 1235 422 1313; x_wconf 83' lang='lat' dir='ltr'>constantissime</span> <span class='ocrx_word' id='word_1_44' title='bbox 444 1238 599 1311; x_wconf 87' lang='lat' dir='ltr'>duobus</span> <span class='ocrx_word' id='word_1_45' title='bbox 621 1237 769 1312; x_wconf 84' lang='lat' dir='ltr'>scatent</span> <span class='ocrx_word' id='word_1_46' title='bbox 793 1238 945 1323; x_wconf 79' lang='lat' dir='ltr'>ovans,</span> <span class='ocrx_word' id='word_1_47' title='bbox 982 1238 1053 1313; x_wconf 88' lang='lat' dir='ltr'>etsi</span> <span class='ocrx_word' id='word_1_48' title='bbox 1075 1242 1236 1313; x_wconf 87' lang='lat' dir='ltr'>unicum</span> <span class='ocrx_word' id='word_1_49' title='bbox 1265 1238 1398 1312; x_wconf 88' lang='lat' dir='ltr'>saltem</span> <span class='ocrx_word' id='word_1_50' title='bbox 1426 1237 1635 1336; x_wconf 82' lang='lat' dir='ltr'>perficiant</span> <span class='ocrx_word' id='word_1_51' title='bbox 1662 1227 1812 1314; x_wconf 86' lang='lat' dir='ltr'>semen:</span> 
     </span>
     <span class='ocr_line' id='line_1_7' title="bbox 115 1359 1813 1461; baseline 0 -24"><span class='ocrx_word' id='word_1_52' title='bbox 115 1366 243 1459; x_wconf 75' lang='lat' dir='ltr'>quare</span> <span class='ocrx_word' id='word_1_53' title='bbox 266 1361 457 1458; x_wconf 88' lang='lat' dir='ltr'>Logoecia</span> <span class='ocrx_word' id='word_1_54' title='bbox 477 1385 687 1461; x_wconf 81' lang='lat' dir='ltr'><strong>perperam</strong></span> <span class='ocrx_word' id='word_1_55' title='bbox 709 1387 764 1437; x_wconf 86' lang='lat' dir='ltr'>cx</span> <span class='ocrx_word' id='word_1_56' title='bbox 787 1363 1126 1440; x_wconf 83' lang='lat' dir='ltr'>umbelliferarum</span> <span class='ocrx_word' id='word_1_57' title='bbox 1146 1375 1253 1440; x_wconf 91' lang='lat' dir='ltr'>coetu</span> <span class='ocrx_word' id='word_1_58' title='bbox 1274 1364 1501 1457; x_wconf 80' lang='lat' dir='ltr'>deturbata,</span> <span class='ocrx_word' id='word_1_59' title='bbox 1533 1361 1577 1442; x_wconf 74' lang='lat' dir='ltr'>dr</span> <span class='ocrx_word' id='word_1_60' title='bbox 1593 1359 1813 1457; x_wconf 79' lang='lat' dir='ltr'>Haffelqui-</span> 
     </span>
     <span class='ocr_line' id='line_1_8' title="bbox 117 1475 1815 1590; baseline 0 -24"><span class='ocrx_word' id='word_1_61' title='bbox 117 1490 206 1574; x_wconf 82' lang='lat' dir='ltr'>sila,</span> <span class='ocrx_word' id='word_1_62' title='bbox 240 1490 342 1564; x_wconf 87' lang='lat' dir='ltr'>male</span> <span class='ocrx_word' id='word_1_63' title='bbox 368 1486 607 1584; x_wconf 87' lang='lat' dir='ltr'>aTordylio</span> <span class='ocrx_word' id='word_1_64' title='bbox 625 1475 865 1564; x_wconf 77' lang='lat' dir='ltr'>avulsa&#39;fuit</span> <span class='ocrx_word' id='word_1_65' title='bbox 915 1490 1065 1565; x_wconf 91' lang='lat' dir='ltr'>Betula</span> <span class='ocrx_word' id='word_1_66' title='bbox 1090 1491 1245 1590; x_wconf 82' lang='lat' dir='ltr'>semper</span> <span class='ocrx_word' id='word_1_67' title='bbox 1266 1491 1364 1572; x_wconf 85' lang='lat' dir='ltr'>duo,</span> <span class='ocrx_word' id='word_1_68' title='bbox 1403 1488 1591 1585; x_wconf 82' lang='lat' dir='ltr'>Quercus</span> <span class='ocrx_word' id='word_1_69' title='bbox 1614 1493 1707 1574; x_wconf 74' lang='lat' dir='ltr'>sex,</span> <span class='ocrx_word' id='word_1_70' title='bbox 1742 1488 1815 1566; x_wconf 86' lang='lat' dir='ltr'>Fa·</span> 
     </span>
     <span class='ocr_line' id='line_1_9' title="bbox 115 1611 1815 1717; baseline 0.001 -27"><span class='ocrx_word' id='word_1_71' title='bbox 115 1631 198 1712; x_wconf 75' lang='lat' dir='ltr'>gus</span> <span class='ocrx_word' id='word_1_72' title='bbox 217 1616 256 1692; x_wconf 76' lang='grc' dir='ltr'>δι</span> <span class='ocrx_word' id='word_1_73' title='bbox 277 1613 467 1690; x_wconf 87' lang='lat' dir='ltr'>Castanea</span> <span class='ocrx_word' id='word_1_74' title='bbox 485 1614 691 1690; x_wconf 85' lang='lat' dir='ltr'>duodecim</span> <span class='ocrx_word' id='word_1_75' title='bbox 709 1616 737 1689; x_wconf 86' lang='lat' dir='ltr'>l.</span> <span class='ocrx_word' id='word_1_76' title='bbox 753 1611 988 1701; x_wconf 78' lang='lat' dir='ltr'>odtodecim,</span> <span class='ocrx_word' id='word_1_77' title='bbox 1013 1614 1318 1717; x_wconf 88' lang='lat' dir='ltr'>Caryophyllus</span> <span class='ocrx_word' id='word_1_78' title='bbox 1339 1616 1456 1717; x_wconf 77' lang='lat' dir='ltr'>supra</span> <span class='ocrx_word' id='word_1_79' title='bbox 1478 1618 1642 1712; x_wconf 85' lang='lat' dir='ltr'>triginta</span> <span class='ocrx_word' id='word_1_80' title='bbox 1661 1615 1701 1693; x_wconf 75' lang='grc' dir='ltr'>ὅ(</span> <span class='ocrx_word' id='word_1_81' title='bbox 1721 1615 1815 1692; x_wconf 86' lang='lat' dir='ltr'>Me·</span> 
     </span>
     <span class='ocr_line' id='line_1_10' title="bbox 116 1718 1816 1848; baseline 0.001 -31"><span class='ocrx_word' id='word_1_82' title='bbox 116 1740 340 1840; x_wconf 82' lang='lat' dir='ltr'>trofideros</span> <span class='ocrx_word' id='word_1_83' title='bbox 360 1740 447 1815; x_wconf 88' lang='lat' dir='ltr'>sere</span> <span class='ocrx_word' id='word_1_84' title='bbox 469 1742 769 1848; x_wconf 67' lang='lat' dir='ltr'>innumerabilia</span> <span class='ocrx_word' id='word_1_85' title='bbox 786 1744 1003 1842; x_wconf 87' lang='lat' dir='ltr'>proserunt</span> <span class='ocrx_word' id='word_1_86' title='bbox 1022 1718 1169 1827; x_wconf 76' lang='lat' dir='ltr'>ovula3</span> <span class='ocrx_word' id='word_1_87' title='bbox 1194 1752 1236 1817; x_wconf 92' lang='lat' dir='ltr'>at</span> <span class='ocrx_word' id='word_1_88' title='bbox 1250 1742 1498 1816; x_wconf 84' lang='lat' dir='ltr'>inomnibus</span> <span class='ocrx_word' id='word_1_89' title='bbox 1520 1729 1598 1828; x_wconf 79' lang='lat' dir='ltr'>nis&#39;,</span> <span class='ocrx_word' id='word_1_90' title='bbox 1625 1739 1816 1819; x_wconf 83' lang='lat' dir='ltr'>rarissime</span> 
     </span>
     <span class='ocr_line' id='line_1_11' title="bbox 115 1865 1815 1970; baseline 0.001 -29"><span class='ocrx_word' id='word_1_91' title='bbox 115 1877 253 1941; x_wconf 89' lang='lat' dir='ltr'>tamen</span> <span class='ocrx_word' id='word_1_92' title='bbox 273 1887 353 1938; x_wconf 93' lang='lat' dir='ltr'>uno</span> <span class='ocrx_word' id='word_1_93' title='bbox 367 1865 500 1965; x_wconf 89' lang='lat' dir='ltr'>plura,</span> <span class='ocrx_word' id='word_1_94' title='bbox 526 1868 564 1941; x_wconf 95' lang='lat' dir='ltr'>in</span> <span class='ocrx_word' id='word_1_95' title='bbox 579 1877 668 1945; x_wconf 92' lang='lat' dir='ltr'>toto</span> <span class='ocrx_word' id='word_1_96' title='bbox 687 1867 818 1943; x_wconf 80' lang='lat' dir='ltr'>srudtu</span> <span class='ocrx_word' id='word_1_97' title='bbox 834 1870 1100 1969; x_wconf 87' lang='lat' dir='ltr'>perficiuntur</span> <span class='ocrx_word' id='word_1_98' title='bbox 1116 1869 1271 1945; x_wconf 85' lang='lat' dir='ltr'>semina.</span> <span class='ocrx_word' id='word_1_99' title='bbox 1322 1866 1380 1941; x_wconf 84' lang='lat' dir='ltr'>Et</span> <span class='ocrx_word' id='word_1_100' title='bbox 1402 1868 1455 1940; x_wconf 89' lang='lat' dir='ltr'>ita</span> <span class='ocrx_word' id='word_1_101' title='bbox 1478 1888 1641 1963; x_wconf 87' lang='lat' dir='ltr'>quoque</span> <span class='ocrx_word' id='word_1_102' title='bbox 1663 1871 1702 1942; x_wconf 92' lang='lat' dir='ltr'>in</span> <span class='ocrx_word' id='word_1_103' title='bbox 1727 1869 1815 1970; x_wconf 87' lang='lat' dir='ltr'>plu·</span> 
     </span>
     <span class='ocr_line' id='line_1_12' title="bbox 115 1987 1815 2089; baseline 0.003 -23"><span class='ocrx_word' id='word_1_104' title='bbox 115 1992 233 2068; x_wconf 87' lang='lat' dir='ltr'>rimis</span> <span class='ocrx_word' id='word_1_105' title='bbox 254 1991 364 2074; x_wconf 86' lang='lat' dir='ltr'>aliis,</span> <span class='ocrx_word' id='word_1_106' title='bbox 400 1991 552 2086; x_wconf 88' lang='lat' dir='ltr'>aliquot</span> <span class='ocrx_word' id='word_1_107' title='bbox 574 1990 695 2070; x_wconf 78' lang='lat' dir='ltr'>o&#39;vula</span> <span class='ocrx_word' id='word_1_108' title='bbox 710 1987 822 2080; x_wconf 78' lang='lat' dir='ltr'>elidi,</span> <span class='ocrx_word' id='word_1_109' title='bbox 861 1995 1021 2071; x_wconf 87' lang='lat' dir='ltr'>minime</span> <span class='ocrx_word' id='word_1_110' title='bbox 1045 2017 1202 2079; x_wconf 87' lang='lat' dir='ltr'>rarum;</span> <span class='ocrx_word' id='word_1_111' title='bbox 1223 2037 1224 2040; x_wconf 61' lang='lat'><em>=</em></span> <span class='ocrx_word' id='word_1_112' title='bbox 1243 1993 1308 2069; x_wconf 91' lang='lat' dir='ltr'>sed</span> <span class='ocrx_word' id='word_1_113' title='bbox 1331 1992 1367 2067; x_wconf 87' lang='lat' dir='ltr'>id</span> <span class='ocrx_word' id='word_1_114' title='bbox 1392 2004 1531 2068; x_wconf 86' lang='lat' dir='ltr'>notatu</span> <span class='ocrx_word' id='word_1_115' title='bbox 1548 1994 1711 2089; x_wconf 89' lang='lat' dir='ltr'>dignum</span> <span class='ocrx_word' id='word_1_116' title='bbox 1740 1995 1815 2080; x_wconf 86' lang='lat' dir='ltr'>est,</span> 
     </span>
     <span class='ocr_line' id='line_1_13' title="bbox 115 2115 1817 2222; baseline 0.002 -30"><span class='ocrx_word' id='word_1_117' title='bbox 115 2117 226 2213; x_wconf 91' lang='lat' dir='ltr'>quod</span> <span class='ocrx_word' id='word_1_118' title='bbox 252 2121 292 2193; x_wconf 89' lang='lat' dir='ltr'>in</span> <span class='ocrx_word' id='word_1_119' title='bbox 315 2119 402 2193; x_wconf 82' lang='lat' dir='ltr'>aliis</span> <span class='ocrx_word' id='word_1_120' title='bbox 423 2122 587 2218; x_wconf 90' lang='lat' dir='ltr'>penitus</span> <span class='ocrx_word' id='word_1_121' title='bbox 608 2118 879 2207; x_wconf 89' lang='lat' dir='ltr'>destruantur,</span> <span class='ocrx_word' id='word_1_122' title='bbox 906 2124 949 2197; x_wconf 88' lang='lat' dir='ltr'>in</span> <span class='ocrx_word' id='word_1_123' title='bbox 966 2117 1053 2199; x_wconf 85' lang='lat' dir='ltr'>aliis</span> <span class='ocrx_word' id='word_1_124' title='bbox 1074 2140 1176 2194; x_wconf 91' lang='lat' dir='ltr'>vero</span> <span class='ocrx_word' id='word_1_125' title='bbox 1191 2119 1327 2194; x_wconf 86' lang='lat' dir='ltr'>saltem</span> <span class='ocrx_word' id='word_1_126' title='bbox 1345 2115 1598 2194; x_wconf 85' lang='lat' dir='ltr'>suffocentur.</span> <span class='ocrx_word' id='word_1_127' title='bbox 1630 2121 1675 2200; x_wconf 89' lang='lat' dir='ltr'>Iu</span> <span class='ocrx_word' id='word_1_128' title='bbox 1691 2124 1817 2222; x_wconf 80' lang='lat' dir='ltr'>priori</span> 
     </span>
    </p>
   </div>
   <div class='ocr_carea' id='block_1_3' title="bbox 117 2240 1981 2346">
    <p class='ocr_par' dir='ltr' id='par_1_3' title="bbox 117 2240 1981 2346">
     <span class='ocr_line' id='line_1_14' title="bbox 117 2240 1981 2346; baseline 0.004 -28"><span class='ocrx_word' id='word_1_129' title='bbox 117 2244 227 2337; x_wconf 89' lang='lat' dir='ltr'>casu,</span> <span class='ocrx_word' id='word_1_130' title='bbox 254 2240 370 2340; x_wconf 89' lang='lat' dir='ltr'>cujus</span> <span class='ocrx_word' id='word_1_131' title='bbox 394 2245 580 2344; x_wconf 82' lang='lat' dir='ltr'>exempla</span> <span class='ocrx_word' id='word_1_132' title='bbox 604 2243 929 2346; x_wconf 81' lang='lat' dir='ltr'>Caryophyllus,</span> <span class='ocrx_word' id='word_1_133' title='bbox 955 2245 1086 2331; x_wconf 89' lang='lat' dir='ltr'>Thea,</span> <span class='ocrx_word' id='word_1_134' title='bbox 1111 2243 1372 2320; x_wconf 76' lang='lat' dir='ltr'>Nitrariadm.</span> <span class='ocrx_word' id='word_1_135' title='bbox 1391 2247 1589 2344; x_wconf 75' lang='lat' dir='ltr'>praebent,</span> <span class='ocrx_word' id='word_1_136' title='bbox 1616 2269 1696 2323; x_wconf 89' lang='lat' dir='ltr'>non</span> <span class='ocrx_word' id='word_1_137' title='bbox 1713 2247 1818 2324; x_wconf 90' lang='lat' dir='ltr'>aliud</span> <span class='ocrx_word' id='word_1_138' title='bbox 1960 2273 1981 2290; x_wconf 76' lang='lat'>·‘</span> 
     </span>
    </p>
   </div>
   <div class='ocr_carea' id='block_1_4' title="bbox 116 2370 1839 2977">
    <p class='ocr_par' dir='ltr' id='par_1_4' title="bbox 116 2370 1839 2977">
     <span class='ocr_line' id='line_1_15' title="bbox 116 2370 1816 2469; baseline 0.002 -24"><span class='ocrx_word' id='word_1_139' title='bbox 116 2370 237 2446; x_wconf 87' lang='lat' dir='ltr'>datur</span> <span class='ocrx_word' id='word_1_140' title='bbox 255 2371 475 2445; x_wconf 86' lang='lat' dir='ltr'>remedium</span> <span class='ocrx_word' id='word_1_141' title='bbox 498 2373 720 2448; x_wconf 80' lang='lat' dir='ltr'>naturalem</span> <span class='ocrx_word' id='word_1_142' title='bbox 747 2374 938 2451; x_wconf 85' lang='lat' dir='ltr'>seminum</span> <span class='ocrx_word' id='word_1_143' title='bbox 962 2372 1229 2469; x_wconf 89' lang='lat' dir='ltr'>cognoscendi</span> <span class='ocrx_word' id='word_1_144' title='bbox 1253 2395 1489 2457; x_wconf 89' lang='lat' dir='ltr'>numerum,</span> <span class='ocrx_word' id='word_1_145' title='bbox 1522 2372 1593 2450; x_wconf 86' lang='lat' dir='ltr'>nisi</span> <span class='ocrx_word' id='word_1_146' title='bbox 1614 2385 1660 2448; x_wconf 92' lang='lat' dir='ltr'>ut</span> <span class='ocrx_word' id='word_1_147' title='bbox 1681 2379 1816 2449; x_wconf 86' lang='lat' dir='ltr'>imma·</span> 
     </span>
     <span class='ocr_line' id='line_1_16' title="bbox 116 2496 1819 2596; baseline 0.003 -25"><span class='ocrx_word' id='word_1_148' title='bbox 116 2496 506 2596; x_wconf 84' lang='lat' dir='ltr'>turuminspiciatur</span> <span class='ocrx_word' id='word_1_149' title='bbox 531 2502 727 2576; x_wconf 89' lang='lat' dir='ltr'>ovarium.</span> <span class='ocrx_word' id='word_1_150' title='bbox 777 2501 822 2577; x_wconf 89' lang='lat' dir='ltr'>In</span> <span class='ocrx_word' id='word_1_151' title='bbox 848 2499 974 2578; x_wconf 85' lang='lat' dir='ltr'>altero</span> <span class='ocrx_word' id='word_1_152' title='bbox 997 2511 1155 2585; x_wconf 86' lang='lat' dir='ltr'>autem,</span> <span class='ocrx_word' id='word_1_153' title='bbox 1187 2498 1340 2596; x_wconf 89' lang='lat' dir='ltr'>semper</span> <span class='ocrx_word' id='word_1_154' title='bbox 1357 2499 1572 2573; x_wconf 89' lang='lat' dir='ltr'>ovulorum</span> <span class='ocrx_word' id='word_1_155' title='bbox 1593 2500 1819 2576; x_wconf 83' lang='lat' dir='ltr'>rudimenta</span> 
     </span>
     <span class='ocr_line' id='line_1_17' title="bbox 117 2621 1816 2732; baseline 0.002 -35"><span class='ocrx_word' id='word_1_156' title='bbox 117 2621 350 2721; x_wconf 88' lang='lat' dir='ltr'>supersunt,</span> <span class='ocrx_word' id='word_1_157' title='bbox 387 2646 442 2701; x_wconf 85' lang='lat' dir='ltr'>ex</span> <span class='ocrx_word' id='word_1_158' title='bbox 471 2627 617 2720; x_wconf 93' lang='lat' dir='ltr'>quibus</span> <span class='ocrx_word' id='word_1_159' title='bbox 642 2649 786 2704; x_wconf 86' lang='lat' dir='ltr'>verum</span> <span class='ocrx_word' id='word_1_160' title='bbox 807 2649 1024 2705; x_wconf 89' lang='lat' dir='ltr'>numerum</span> <span class='ocrx_word' id='word_1_161' title='bbox 1046 2624 1167 2726; x_wconf 84' lang='lat' dir='ltr'>pollis</span> <span class='ocrx_word' id='word_1_162' title='bbox 1189 2647 1458 2720; x_wconf 83' lang='lat' dir='ltr'>cognoscere:</span> <span class='ocrx_word' id='word_1_163' title='bbox 1497 2625 1549 2701; x_wconf 88' lang='lat' dir='ltr'>lic</span> <span class='ocrx_word' id='word_1_164' title='bbox 1571 2630 1610 2732; x_wconf 88' lang='lat' dir='ltr'>iu</span> <span class='ocrx_word' id='word_1_165' title='bbox 1641 2624 1816 2712; x_wconf 83' lang='lat' dir='ltr'>Elaeide,</span> 
     </span>
     <span class='ocr_line' id='line_1_18' title="bbox 117 2744 1839 2852; baseline 0.003 -28"><span class='ocrx_word' id='word_1_166' title='bbox 117 2744 376 2844; x_wconf 86' lang='lat' dir='ltr'>Flagellaria,</span> <span class='ocrx_word' id='word_1_167' title='bbox 401 2750 534 2829; x_wconf 90' lang='lat' dir='ltr'>Cocco</span> <span class='ocrx_word' id='word_1_168' title='bbox 557 2752 628 2829; x_wconf 79' lang='lat' dir='ltr'>&amp;o</span> <span class='ocrx_word' id='word_1_169' title='bbox 647 2755 808 2832; x_wconf 86' lang='lat' dir='ltr'>unicum</span> <span class='ocrx_word' id='word_1_170' title='bbox 825 2753 984 2848; x_wconf 86' lang='lat' dir='ltr'>quidem</span> <span class='ocrx_word' id='word_1_171' title='bbox 1002 2756 1039 2827; x_wconf 91' lang='lat' dir='ltr'>in</span> <span class='ocrx_word' id='word_1_172' title='bbox 1057 2749 1186 2828; x_wconf 77' lang='lat' dir='ltr'>sruttu</span> <span class='ocrx_word' id='word_1_173' title='bbox 1204 2751 1353 2842; x_wconf 85' lang='lat' dir='ltr'>semen,</span> <span class='ocrx_word' id='word_1_174' title='bbox 1382 2751 1444 2827; x_wconf 91' lang='lat' dir='ltr'>sed</span> <span class='ocrx_word' id='word_1_175' title='bbox 1468 2763 1619 2852; x_wconf 89' lang='lat' dir='ltr'>praeter</span> <span class='ocrx_word' id='word_1_176' title='bbox 1650 2750 1712 2836; x_wconf 88' lang='lat' dir='ltr'>id,</span> <span class='ocrx_word' id='word_1_177' title='bbox 1737 2751 1839 2829; x_wconf 91' lang='lat' dir='ltr'>duo</span> 
     </span>
     <span class='ocr_line' id='line_1_19' title="bbox 119 2875 1818 2977; baseline 0.002 -27"><span class='ocrx_word' id='word_1_178' title='bbox 119 2894 281 2970; x_wconf 87' lang='lat' dir='ltr'>quoque</span> <span class='ocrx_word' id='word_1_179' title='bbox 309 2877 430 2952; x_wconf 90' lang='lat' dir='ltr'>ovula</span> <span class='ocrx_word' id='word_1_180' title='bbox 450 2877 569 2963; x_wconf 79' lang='lat' dir='ltr'>calla,</span> <span class='ocrx_word' id='word_1_181' title='bbox 614 2880 654 2952; x_wconf 92' lang='lat' dir='ltr'>in</span> <span class='ocrx_word' id='word_1_182' title='bbox 681 2879 759 2954; x_wconf 89' lang='lat' dir='ltr'>suis</span> <span class='ocrx_word' id='word_1_183' title='bbox 784 2879 1081 2964; x_wconf 84' lang='lat' dir='ltr'>loculamentis,</span> <span class='ocrx_word' id='word_1_184' title='bbox 1126 2875 1429 2955; x_wconf 84' lang='lat' dir='ltr'>constantissime</span> <span class='ocrx_word' id='word_1_185' title='bbox 1451 2882 1729 2977; x_wconf 85' lang='lat' dir='ltr'>reperiuntur;</span> <span class='ocrx_word' id='word_1_186' title='bbox 1777 2880 1818 2955; x_wconf 88' lang='lat' dir='ltr'>in</span> 
     </span>
    </p>
   </div>
   <div class='ocr_carea' id='block_1_5' title="bbox 118 2987 1820 3354">
    <p class='ocr_par' dir='ltr' id='par_1_5' title="bbox 118 2987 1820 3354">
     <span class='ocr_line' id='line_1_20' title="bbox 118 2987 1818 3098; baseline 0.005 -25"><span class='ocrx_word' id='word_1_187' title='bbox 118 2998 264 3084; x_wconf 88' lang='lat' dir='ltr'>Dalea,</span> <span class='ocrx_word' id='word_1_188' title='bbox 303 3000 401 3076; x_wconf 82' lang='lat' dir='ltr'>sicut</span> <span class='ocrx_word' id='word_1_189' title='bbox 422 3004 460 3076; x_wconf 91' lang='lat' dir='ltr'>in</span> <span class='ocrx_word' id='word_1_190' title='bbox 480 3002 686 3098; x_wconf 86' lang='lat' dir='ltr'>Lagoecia,</span> <span class='ocrx_word' id='word_1_191' title='bbox 728 3004 896 3078; x_wconf 91' lang='lat' dir='ltr'>ovulum</span> <span class='ocrx_word' id='word_1_192' title='bbox 923 2987 1106 3079; x_wconf 84' lang='lat' dir='ltr'>effoetum</span> <span class='ocrx_word' id='word_1_193' title='bbox 1129 3004 1242 3078; x_wconf 86' lang='lat' dir='ltr'>lateri</span> <span class='ocrx_word' id='word_1_194' title='bbox 1271 3004 1428 3080; x_wconf 89' lang='lat' dir='ltr'>seminis</span> <span class='ocrx_word' id='word_1_195' title='bbox 1453 3007 1597 3078; x_wconf 88' lang='lat' dir='ltr'>maturi</span> <span class='ocrx_word' id='word_1_196' title='bbox 1623 3004 1818 3094; x_wconf 85' lang='lat' dir='ltr'>adhaeret;</span> 
     </span>
     <span class='ocr_line' id='line_1_21' title="bbox 119 3124 1820 3229; baseline 0.004 -28"><span class='ocrx_word' id='word_1_197' title='bbox 119 3124 161 3201; x_wconf 76' lang='lat' dir='ltr'>dt</span> <span class='ocrx_word' id='word_1_198' title='bbox 186 3127 225 3199; x_wconf 94' lang='lat' dir='ltr'>in</span> <span class='ocrx_word' id='word_1_199' title='bbox 253 3124 443 3214; x_wconf 89' lang='lat' dir='ltr'>Canario,</span> <span class='ocrx_word' id='word_1_200' title='bbox 482 3127 676 3229; x_wconf 85' lang='lat' dir='ltr'>Spoodia,</span> <span class='ocrx_word' id='word_1_201' title='bbox 709 3128 900 3229; x_wconf 86' lang='lat' dir='ltr'>Mespilo,</span> <span class='ocrx_word' id='word_1_202' title='bbox 946 3130 1215 3204; x_wconf 84' lang='lat' dir='ltr'>Elaeodendro</span> <span class='ocrx_word' id='word_1_203' title='bbox 1237 3126 1309 3202; x_wconf 75' lang='lat' dir='ltr'>&amp;a</span> <span class='ocrx_word' id='word_1_204' title='bbox 1331 3131 1434 3201; x_wconf 89' lang='lat' dir='ltr'>intra</span> <span class='ocrx_word' id='word_1_205' title='bbox 1458 3126 1820 3223; x_wconf 87' lang='lat' dir='ltr'>srngulumlocula-</span> 
     </span>
     <span class='ocr_line' id='line_1_22' title="bbox 118 3247 1820 3354; baseline 0.006 -28"><span class='ocrx_word' id='word_1_206' title='bbox 118 3260 321 3337; x_wconf 87' lang='lat' dir='ltr'>mentum,</span> <span class='ocrx_word' id='word_1_207' title='bbox 343 3247 462 3348; x_wconf 85' lang='lat' dir='ltr'>juxta</span> <span class='ocrx_word' id='word_1_208' title='bbox 474 3265 674 3332; x_wconf 88' lang='lat' dir='ltr'>maturum</span> <span class='ocrx_word' id='word_1_209' title='bbox 697 3255 854 3347; x_wconf 89' lang='lat' dir='ltr'>semen,</span> <span class='ocrx_word' id='word_1_210' title='bbox 896 3256 1065 3330; x_wconf 92' lang='lat' dir='ltr'>ovulum</span> <span class='ocrx_word' id='word_1_211' title='bbox 1085 3277 1247 3349; x_wconf 91' lang='lat' dir='ltr'>quoque</span> <span class='ocrx_word' id='word_1_212' title='bbox 1260 3251 1401 3328; x_wconf 72' lang='lat' dir='ltr'>cassum</span> <span class='ocrx_word' id='word_1_213' title='bbox 1416 3257 1674 3354; x_wconf 85' lang='lat' dir='ltr'>conspicitur:</span> <span class='ocrx_word' id='word_1_214' title='bbox 1714 3259 1820 3337; x_wconf 84' lang='lat' dir='ltr'>unde</span> 
     </span>
    </p>
   </div>
   <div class='ocr_carea' id='block_1_6' title="bbox 115 3376 1820 3578">
    <p class='ocr_par' dir='ltr' id='par_1_6' title="bbox 115 3376 1820 3578">
     <span class='ocr_line' id='line_1_23' title="bbox 122 3376 1820 3477; baseline 0.007 -27"><span class='ocrx_word' id='word_1_215' title='bbox 122 3378 162 3450; x_wconf 89' lang='lat' dir='ltr'>ln</span> <span class='ocrx_word' id='word_1_216' title='bbox 184 3376 248 3452; x_wconf 90' lang='lat' dir='ltr'>his</span> <span class='ocrx_word' id='word_1_217' title='bbox 266 3387 309 3452; x_wconf 84' lang='lat' dir='ltr'>et</span> <span class='ocrx_word' id='word_1_218' title='bbox 325 3381 462 3456; x_wconf 89' lang='lat' dir='ltr'>multis</span> <span class='ocrx_word' id='word_1_219' title='bbox 475 3381 563 3457; x_wconf 84' lang='lat' dir='ltr'>aliis</span> <span class='ocrx_word' id='word_1_220' title='bbox 581 3401 774 3463; x_wconf 80' lang='lat' dir='ltr'>numerus</span> <span class='ocrx_word' id='word_1_221' title='bbox 796 3381 1016 3457; x_wconf 84' lang='lat' dir='ltr'>ovulorum</span> <span class='ocrx_word' id='word_1_222' title='bbox 1033 3402 1115 3455; x_wconf 93' lang='lat' dir='ltr'>non</span> <span class='ocrx_word' id='word_1_223' title='bbox 1137 3390 1334 3466; x_wconf 89' lang='lat' dir='ltr'>mutatur,</span> <span class='ocrx_word' id='word_1_224' title='bbox 1377 3385 1565 3477; x_wconf 89' lang='lat' dir='ltr'>quamvis</span> <span class='ocrx_word' id='word_1_225' title='bbox 1584 3406 1666 3459; x_wconf 91' lang='lat' dir='ltr'>non</span> <span class='ocrx_word' id='word_1_226' title='bbox 1686 3390 1820 3463; x_wconf 83' lang='lat' dir='ltr'>omnia</span> 
     </span>
     <span class='ocr_line' id='line_1_24' title="bbox 115 3498 360 3578; baseline 0.004 -1"><span class='ocrx_word' id='word_1_227' title='bbox 115 3498 360 3578; x_wconf 79' lang='lat' dir='ltr'>adolescant</span> 
     </span>
    </p>
   </div>
   <div class='ocr_carea' id='block_1_7' title="bbox 382 3676 398 3713">
    <p class='ocr_par' dir='ltr' id='par_1_7' title="bbox 382 3676 398 3713">
     <span class='ocr_line' id='line_1_25' title="bbox 382 3676 398 3713; baseline 0 -29"><span class='ocrx_word' id='word_1_228' title='bbox 382 3676 398 3713; x_wconf 56' lang='lat' dir='ltr'>s</span> 
     </span>
    </p>
   </div>
   <div class='ocr_carea' id='block_1_8' title="bbox 119 3781 1818 5022">
    <p class='ocr_par' dir='ltr' id='par_1_8' title="bbox 120 3781 1818 5022">
     <span class='ocr_line' id='line_1_26' title="bbox 221 3781 1816 3888; baseline 0.008 -32"><span class='ocrx_word' id='word_1_229' title='bbox 221 3781 285 3856; x_wconf 88' lang='lat' dir='ltr'>De</span> <span class='ocrx_word' id='word_1_230' title='bbox 309 3785 476 3880; x_wconf 89' lang='lat' dir='ltr'>reliquis</span> <span class='ocrx_word' id='word_1_231' title='bbox 499 3787 716 3863; x_wconf 91' lang='lat' dir='ltr'>ovulorum</span> <span class='ocrx_word' id='word_1_232' title='bbox 742 3783 996 3882; x_wconf 84' lang='lat' dir='ltr'>qualitatibus</span> <span class='ocrx_word' id='word_1_233' title='bbox 1016 3788 1220 3869; x_wconf 85' lang='lat' dir='ltr'>externis,</span> <span class='ocrx_word' id='word_1_234' title='bbox 1256 3786 1370 3874; x_wconf 88' lang='lat' dir='ltr'>nihil,</span> <span class='ocrx_word' id='word_1_235' title='bbox 1405 3796 1676 3888; x_wconf 84' lang='lat' dir='ltr'>praeterquam</span> <span class='ocrx_word' id='word_1_236' title='bbox 1699 3791 1749 3868; x_wconf 89' lang='lat' dir='ltr'>de</span> <span class='ocrx_word' id='word_1_237' title='bbox 1770 3794 1816 3867; x_wconf 86' lang='lat' dir='ltr'>fi-</span> 
     </span>
     <span class='ocr_line' id='line_1_27' title="bbox 120 3906 1818 4013; baseline 0.01 -34"><span class='ocrx_word' id='word_1_238' title='bbox 120 3929 243 4004; x_wconf 86' lang='lat' dir='ltr'>gura,</span> <span class='ocrx_word' id='word_1_239' title='bbox 276 3908 461 3985; x_wconf 85' lang='lat' dir='ltr'>dicemus.</span> <span class='ocrx_word' id='word_1_240' title='bbox 518 3906 709 4007; x_wconf 85' lang='lat' dir='ltr'>Figuram</span> <span class='ocrx_word' id='word_1_241' title='bbox 738 3933 884 4009; x_wconf 89' lang='lat' dir='ltr'>nempe</span> <span class='ocrx_word' id='word_1_242' title='bbox 908 3910 1120 3988; x_wconf 90' lang='lat' dir='ltr'>ovulorum</span> <span class='ocrx_word' id='word_1_243' title='bbox 1149 3913 1303 4011; x_wconf 90' lang='lat' dir='ltr'>semper</span> <span class='ocrx_word' id='word_1_244' title='bbox 1332 3913 1474 3992; x_wconf 89' lang='lat' dir='ltr'>debere</span> <span class='ocrx_word' id='word_1_245' title='bbox 1500 3919 1743 4013; x_wconf 83' lang='lat' dir='ltr'>aliquantum</span> <span class='ocrx_word' id='word_1_246' title='bbox 1770 3920 1818 3996; x_wconf 91' lang='lat' dir='ltr'>ab</span> 
     </span>
     <span class='ocr_line' id='line_1_28' title="bbox 122 4033 1817 4136; baseline 0.01 -29"><span class='ocrx_word' id='word_1_247' title='bbox 122 4033 190 4108; x_wconf 87' lang='lat' dir='ltr'>illa</span> <span class='ocrx_word' id='word_1_248' title='bbox 208 4034 366 4110; x_wconf 87' lang='lat' dir='ltr'>seminis</span> <span class='ocrx_word' id='word_1_249' title='bbox 385 4041 532 4113; x_wconf 89' lang='lat' dir='ltr'>maturi</span> <span class='ocrx_word' id='word_1_250' title='bbox 555 4037 737 4130; x_wconf 85' lang='lat' dir='ltr'>differre,</span> <span class='ocrx_word' id='word_1_251' title='bbox 764 4037 843 4136; x_wconf 88' lang='lat' dir='ltr'>ipsa</span> <span class='ocrx_word' id='word_1_252' title='bbox 860 4040 962 4110; x_wconf 91' lang='lat' dir='ltr'>ratio</span> <span class='ocrx_word' id='word_1_253' title='bbox 981 4035 1150 4113; x_wconf 69' lang='lat' dir='ltr'>distinata</span> <span class='ocrx_word' id='word_1_254' title='bbox 1181 4040 1271 4114; x_wconf 89' lang='lat' dir='ltr'>hinc</span> <span class='ocrx_word' id='word_1_255' title='bbox 1289 4061 1343 4115; x_wconf 90' lang='lat' dir='ltr'>ex</span> <span class='ocrx_word' id='word_1_256' title='bbox 1370 4043 1505 4117; x_wconf 91' lang='lat' dir='ltr'>ovulis</span> <span class='ocrx_word' id='word_1_257' title='bbox 1528 4044 1817 4130; x_wconf 79' lang='lat' dir='ltr'>uniformibus,</span> 
     </span>
     <span class='ocr_line' id='line_1_29' title="bbox 121 4161 1817 4264; baseline 0.01 -31"><span class='ocrx_word' id='word_1_258' title='bbox 121 4170 344 4235; x_wconf 88' lang='lat' dir='ltr'>nascuntur</span> <span class='ocrx_word' id='word_1_259' title='bbox 369 4161 513 4237; x_wconf 89' lang='lat' dir='ltr'>semina</span> <span class='ocrx_word' id='word_1_260' title='bbox 541 4164 745 4259; x_wconf 81' lang='lat' dir='ltr'>angulata,</span> <span class='ocrx_word' id='word_1_261' title='bbox 784 4185 839 4236; x_wconf 84' lang='lat' dir='ltr'>ex</span> <span class='ocrx_word' id='word_1_262' title='bbox 864 4163 1074 4254; x_wconf 80' lang='lat' dir='ltr'>teretibus,</span> <span class='ocrx_word' id='word_1_263' title='bbox 1111 4172 1251 4247; x_wconf 88' lang='lat' dir='ltr'>ovata,</span> <span class='ocrx_word' id='word_1_264' title='bbox 1284 4187 1340 4238; x_wconf 86' lang='lat' dir='ltr'>ex</span> <span class='ocrx_word' id='word_1_265' title='bbox 1366 4169 1516 4253; x_wconf 89' lang='lat' dir='ltr'>ovatis,</span> <span class='ocrx_word' id='word_1_266' title='bbox 1551 4172 1730 4264; x_wconf 84' lang='lat' dir='ltr'>globosa,</span> <span class='ocrx_word' id='word_1_267' title='bbox 1762 4193 1817 4249; x_wconf 81' lang='lat' dir='ltr'>ex</span> 
     </span>
     <span class='ocr_line' id='line_1_30' title="bbox 119 4282 1817 4401; baseline 0.01 -43.02"><span class='ocrx_word' id='word_1_268' title='bbox 119 4284 325 4401; x_wconf 80' lang='lat' dir='ltr'>globosis,</span> <span class='ocrx_word' id='word_1_269' title='bbox 351 4286 734 4374; x_wconf 85' lang='lat' dir='ltr'>renisormia&amp;s1c</span> <span class='ocrx_word' id='word_1_270' title='bbox 760 4309 894 4387; x_wconf 88' lang='lat' dir='ltr'>porro.</span> <span class='ocrx_word' id='word_1_271' title='bbox 947 4282 1027 4363; x_wconf 86' lang='lat' dir='ltr'>Sed</span> <span class='ocrx_word' id='word_1_272' title='bbox 1048 4298 1199 4387; x_wconf 87' lang='lat' dir='ltr'>praeter</span> <span class='ocrx_word' id='word_1_273' title='bbox 1225 4288 1330 4382; x_wconf 89' lang='lat' dir='ltr'>haec,</span> <span class='ocrx_word' id='word_1_274' title='bbox 1356 4293 1493 4367; x_wconf 89' lang='lat' dir='ltr'>accidit</span> <span class='ocrx_word' id='word_1_275' title='bbox 1515 4317 1817 4393; x_wconf 90' lang='lat' dir='ltr'>nonnunquam,</span> 
     </span>
     <span class='ocr_line' id='line_1_31' title="bbox 120 4390 1815 4521; baseline 0.011 -39"><span class='ocrx_word' id='word_1_276' title='bbox 120 4420 169 4483; x_wconf 90' lang='lat' dir='ltr'>ut</span> <span class='ocrx_word' id='word_1_277' title='bbox 189 4410 310 4486; x_wconf 89' lang='lat' dir='ltr'>ovula</span> <span class='ocrx_word' id='word_1_278' title='bbox 332 4413 513 4507; x_wconf 87' lang='lat' dir='ltr'>partibus</span> <span class='ocrx_word' id='word_1_279' title='bbox 536 4408 767 4509; x_wconf 89' lang='lat' dir='ltr'>quibusdam</span> <span class='ocrx_word' id='word_1_280' title='bbox 791 4390 976 4489; x_wconf 68' lang='lat' dir='ltr'>instrutio</span> <span class='ocrx_word' id='word_1_281' title='bbox 1003 4412 1096 4498; x_wconf 88' lang='lat' dir='ltr'>smt,</span> <span class='ocrx_word' id='word_1_282' title='bbox 1124 4416 1277 4509; x_wconf 88' lang='lat' dir='ltr'>quaein</span> <span class='ocrx_word' id='word_1_283' title='bbox 1302 4425 1463 4493; x_wconf 90' lang='lat' dir='ltr'>maturo</span> <span class='ocrx_word' id='word_1_284' title='bbox 1485 4420 1631 4497; x_wconf 86' lang='lat' dir='ltr'>semine</span> <span class='ocrx_word' id='word_1_285' title='bbox 1656 4427 1815 4521; x_wconf 88' lang='lat' dir='ltr'>penitus</span> 
     </span>
     <span class='ocr_line' id='line_1_32' title="bbox 121 4533 1816 4668; baseline 0.012 -61"><span class='ocrx_word' id='word_1_286' title='bbox 121 4533 333 4620; x_wconf 88' lang='lat' dir='ltr'>deficiunt;</span> <span class='ocrx_word' id='word_1_287' title='bbox 359 4546 430 4611; x_wconf 88' lang='lat' dir='ltr'>aut</span> <span class='ocrx_word' id='word_1_288' title='bbox 448 4539 616 4615; x_wconf 87' lang='lat' dir='ltr'>versa</span> <span class='ocrx_word' id='word_1_289' title='bbox 584 4542 696 4623; x_wconf 88' lang='lat' dir='ltr'>vice,</span> <span class='ocrx_word' id='word_1_290' title='bbox 703 4543 800 4613; x_wconf 91' lang='lat' dir='ltr'>ut</span> <span class='ocrx_word' id='word_1_291' title='bbox 790 4563 829 4613; x_wconf 89' lang='grc' dir='ltr'>ιιι</span> <span class='ocrx_word' id='word_1_292' title='bbox 851 4542 1019 4615; x_wconf 87' lang='lat' dir='ltr'>maturis</span> <span class='ocrx_word' id='word_1_293' title='bbox 1037 4540 1248 4615; x_wconf 83' lang='lat' dir='ltr'>semnubus</span> <span class='ocrx_word' id='word_1_294' title='bbox 1265 4550 1401 4637; x_wconf 90' lang='lat' dir='ltr'>partes</span> <span class='ocrx_word' id='word_1_295' title='bbox 1423 4550 1694 4643; x_wconf 87' lang='lat' dir='ltr'>reperiantur,</span> <span class='ocrx_word' id='word_1_296' title='bbox 1720 4575 1816 4668; x_wconf 88' lang='lat' dir='ltr'>qua·</span> 
     </span>
     <span class='ocr_line' id='line_1_33' title="bbox 120 4661 1818 4767; baseline 0.012 -33"><span class='ocrx_word' id='word_1_297' title='bbox 120 4682 213 4766; x_wconf 85' lang='lat' dir='ltr'>rum</span> <span class='ocrx_word' id='word_1_298' title='bbox 244 4663 285 4753; x_wconf 83' lang='lat' dir='ltr'>in</span> <span class='ocrx_word' id='word_1_299' title='bbox 310 4661 433 4737; x_wconf 73' lang='lat' dir='ltr'>orulo</span> <span class='ocrx_word' id='word_1_300' title='bbox 458 4687 510 4740; x_wconf 89' lang='lat' dir='ltr'>ne</span> <span class='ocrx_word' id='word_1_301' title='bbox 535 4665 744 4760; x_wconf 85' lang='lat' dir='ltr'>vestigium</span> <span class='ocrx_word' id='word_1_302' title='bbox 772 4667 931 4762; x_wconf 89' lang='lat' dir='ltr'>quidem</span> <span class='ocrx_word' id='word_1_303' title='bbox 955 4668 1090 4742; x_wconf 88' lang='lat' dir='ltr'>adsuit.</span> <span class='ocrx_word' id='word_1_304' title='bbox 1139 4665 1262 4741; x_wconf 87' lang='lat' dir='ltr'>Prius</span> <span class='ocrx_word' id='word_1_305' title='bbox 1287 4672 1467 4767; x_wconf 90' lang='lat' dir='ltr'>apprime</span> <span class='ocrx_word' id='word_1_306' title='bbox 1494 4695 1630 4748; x_wconf 88' lang='lat' dir='ltr'>rarum</span> <span class='ocrx_word' id='word_1_307' title='bbox 1657 4678 1730 4757; x_wconf 85' lang='lat' dir='ltr'>est,</span> <span class='ocrx_word' id='word_1_308' title='bbox 1777 4690 1818 4753; x_wconf 91' lang='lat' dir='ltr'>et</span> 
     </span>
     <span class='ocr_line' id='line_1_34' title="bbox 121 4759 1816 4902; baseline 0.011 -44"><span class='ocrx_word' id='word_1_309' title='bbox 121 4759 201 4860; x_wconf 84' lang='lat' dir='ltr'>huc</span> <span class='ocrx_word' id='word_1_310' title='bbox 224 4785 369 4861; x_wconf 86' lang='lat' dir='ltr'>referri</span> <span class='ocrx_word' id='word_1_311' title='bbox 393 4788 551 4886; x_wconf 78' lang='lat' dir='ltr'>poliunt</span> <span class='ocrx_word' id='word_1_312' title='bbox 573 4791 812 4889; x_wconf 85' lang='lat' dir='ltr'>appendices</span> <span class='ocrx_word' id='word_1_313' title='bbox 845 4816 890 4867; x_wconf 88' lang='lat' dir='ltr'>ac</span> <span class='ocrx_word' id='word_1_314' title='bbox 910 4767 1170 4902; x_wconf 89' lang='lat' dir='ltr'>proboscides</span> <span class='ocrx_word' id='word_1_315' title='bbox 1202 4793 1301 4876; x_wconf 89' lang='lat' dir='ltr'>illae,</span> <span class='ocrx_word' id='word_1_316' title='bbox 1354 4817 1453 4889; x_wconf 91' lang='lat' dir='ltr'>quas</span> <span class='ocrx_word' id='word_1_317' title='bbox 1473 4798 1512 4870; x_wconf 90' lang='lat' dir='ltr'>in</span> <span class='ocrx_word' id='word_1_318' title='bbox 1535 4800 1668 4874; x_wconf 88' lang='lat' dir='ltr'>ovulis</span> <span class='ocrx_word' id='word_1_319' title='bbox 1693 4801 1816 4900; x_wconf 80' lang='lat' dir='ltr'>Fagi,</span> 
     </span>
     <span class='ocr_line' id='line_1_35' title="bbox 120 4908 1817 5022; baseline 0.011 -37"><span class='ocrx_word' id='word_1_320' title='bbox 120 4908 344 5004; x_wconf 84' lang='lat' dir='ltr'>Castaneae,</span> <span class='ocrx_word' id='word_1_321' title='bbox 384 4910 553 5012; x_wconf 89' lang='lat' dir='ltr'>Leucoji</span> <span class='ocrx_word' id='word_1_322' title='bbox 571 4918 685 5002; x_wconf 66' lang='lat' dir='ltr'>veru,</span> <span class='ocrx_word' id='word_1_323' title='bbox 726 4917 972 5016; x_wconf 77' lang='lat' dir='ltr'>aliarumque</span> <span class='ocrx_word' id='word_1_324' title='bbox 992 4921 1217 5020; x_wconf 89' lang='lat' dir='ltr'>reperimus</span> <span class='ocrx_word' id='word_1_325' title='bbox 1243 4917 1283 4995; x_wconf 74' lang='grc' dir='ltr'>δι</span> <span class='ocrx_word' id='word_1_326' title='bbox 1303 4941 1395 5014; x_wconf 85' lang='lat' dir='ltr'>quae</span> <span class='ocrx_word' id='word_1_327' title='bbox 1416 4944 1491 5022; x_wconf 91' lang='lat' dir='ltr'>per</span> <span class='ocrx_word' id='word_1_328' title='bbox 1510 4930 1817 5004; x_wconf 86' lang='lat' dir='ltr'>maturationem</span> 
     </span>
    </p>
   </div>
   <div class='ocr_carea' id='block_1_9' title="bbox 967 5051 1817 5168">
    <p class='ocr_par' dir='ltr' id='par_1_9' title="bbox 967 5051 1817 5168">
     <span class='ocr_line' id='line_1_36' title="bbox 967 5051 1817 5168; baseline 0.007 -45"><span class='ocrx_word' id='word_1_329' title='bbox 967 5067 994 5142; x_wconf 82' lang='lat' dir='ltr'>g</span> <span class='ocrx_word' id='word_1_330' title='bbox 1236 5071 1239 5076; x_wconf 73' lang='grc'><em>’</em></span> <span class='ocrx_word' id='word_1_331' title='bbox 1657 5051 1817 5168; x_wconf 87' lang='lat' dir='ltr'>seminis</span> 
     </span>
    </p>
   </div>
   <div class='ocr_carea' id='block_1_10' title="bbox 0 0 2300 5956">
    <p class='ocr_par' dir='ltr' id='par_1_10' title="bbox 0 0 2300 5956">
     <span class='ocr_line' id='line_1_37' title="bbox 0 0 2300 5956; baseline 0 0"><span class='ocrx_word' id='word_1_332' title='bbox 0 0 2300 5956; x_wconf 95' lang='lat' dir='ltr'> </span> 
     </span>
    </p>
   </div>
  </div>
 </body>
</html>
