4567 5959
829 523 1134 586 '·...·.¹·..·¹¹·.....-¹··
1704 517 1841 577 cmx

284 721 466 824 digitulo,
495 719 611 805 valde
634 722 726 803 sunt
746 728 1031 827 infrequentia,
1061 729 1129 808 sed
1146 731 1226 806 rite
1253 729 1490 831 conspicua
1478 752 1520 808 ιιι
1541 713 1838 890 ldippocastano
1977 683 1980 688 ⁴

340 849 576 954 &Lupino·

283 1015 515 1091 concavata,
547 1006 713 1105 proprie
741 1005 790 1083 ad
813 1002 1023 1105 multijuga
1045 1010 1251 1106 pertinere
1275 1006 1485 1092 videntur,
1509 1015 1554 1108 att
1581 1006 1718 1098 foliola
1739 1009 1838 1087 adeo

338 1127 446 1208 ardte
476 1129 775 1227 conglomerata
797 1132 838 1209 δι
863 1133 1017 1232 stipulis
1042 1132 1173 1208 forsan
1203 1136 1437 1210 intermixta
1454 1133 1562 1228 sunt,
1586 1143 1634 1210 ut
1656 1135 1697 1208 in
1729 1143 1841 1232 tanta

1 1311 16 1355 r
339 1261 515 1359 partium
532 1260 700 1334 minucie
719 1259 768 1334 ab
783 1261 955 1336 invicem
970 1257 1154 1355 distingui
1166 1271 1394 1357 nequeant:
1419 1262 1460 1336 in
1478 1257 1681 1357 Lathyro,
1707 1260 1837 1350 Vicia,

1 1417 37 1485 ιω,
340 1383 484 1480 Erro,
507 1381 813 1486 Ceratophyllo.

36 1681 44 1692 f
232 1592 371 1695 Scopas
383 1597 510 1673 multo
523 1596 779 1692 frequentius
797 1615 916 1690 quam
932 1596 1113 1695 plumula
1127 1597 1206 1696 ipsa
1222 1596 1372 1683 deficit,
1399 1597 1636 1697 &plerique
1648 1577 1838 1693 embryo-

2 1691 44 1858 ³5
118 1740 208 1820 ‚nes
228 1724 395 1820 penitus
409 1722 565 1798 acaules
592 1721 693 1800 sunt
744 1718 1030 1800 Caulescentes
1049 1733 1183 1800 tamen
1203 1722 1277 1799 dici
1295 1724 1471 1823 poliunt,
1496 1725 1565 1818 qui
1589 1723 1840 1821 praelongam

1 1815 16 1867 ¹⁶
37 1843 40 1846 ’
127 1847 286 1923 habent
304 1848 543 1970 radiculam,
568 1843 788 1946 praesertim
804 1848 988 1926 deorsum
1003 1849 1186 1926 nonnihil
1199 1845 1523 1934 crassescentem,
1548 1851 1657 1944 utin
1677 1844 1840 1932 Sardio,

134 1969 300 2058 Cestro,
322 1949 596 2069 Anguillaria3
620 1977 747 2051 autin
760 1977 905 2070 quibus
926 1974 1189 2074 cotyledones
1207 1977 1482 2052 intercedente
1497 1975 1697 2070 graciliori
1713 1977 1841 2075 stipite

1 2119 40 2180 n:
139 2099 466 2177 ammidiuscula
493 2101 670 2177 radicula
692 2102 915 2202 capitellata
940 2102 1118 2179 discretae
1145 2104 1255 2187 sunt,
1298 2110 1348 2176 ut
1379 2103 1421 2175 in
1455 2101 1590 2187 Visco',
1622 2099 1841 2185 Gardenia,

1 2235 32 2308 la
143 2220 424 2322 Opereularia,
454 2226 651 2313 Berberi,
682 2228 722 2304 δι
748 2227 869 2304 instar
901 2231 1079 2305 omnium
1108 2231 1151 2302 in
1176 2226 1414 2303 Rhizobolo.
1465 2224 1584 2304 Sed
1574 2250 1615 2300 ιιι
1637 2226 1842 2325 plerisque

146 2353 240 2426 certi
258 2352 407 2428 limites
432 2355 538 2428 inter
554 2355 678 2430 caulis
697 2355 819 2431 finem
842 2361 884 2429 et
900 2355 1086 2430 radiculae
1102 2356 1260 2429 initium
1278 2375 1363 2428 non
1390 2353 1535 2428 dantur
1558 2362 1679 2447 atque
1699 2372 1842 2427 omncs

12 2569 21 2580 ὀ
126 2467 228 2552 'fere
252 2477 309 2551 illi
330 2477 454 2584 scapi,
480 2478 548 2553 sub
566 2482 872 2575 germinatione.
897 2483 1071 2556 maxima
1087 2481 1142 2556 sui
1164 2486 1278 2579 parte
1301 2479 1405 2554 infra
1426 2489 1577 2557 terram
1602 2478 1843 2555 descendunt

146 2600 185 2676 dr
202 2604 241 2677 in
255 2625 393 2679 veram
416 2603 588 2680 radicem
607 2613 919 2682 convertuntur:
945 2629 1069 2703 quare
1082 2608 1216 2682 omnis
1233 2625 1329 2705 pars
1349 2604 1585 2702 embryonis
1606 2604 1710 2680 infra
1729 2613 1842 2700 coty-

145 2727 307 2803 ledones
322 2727 465 2827 polita,
489 2731 641 2826 absque
658 2732 787 2807 multo
807 2755 950 2809 errore
966 2730 1151 2809 radiculis
1172 2724 1427 2808 annumerari
1449 2734 1610 2830 poterit
1659 2727 1843 2805 Multum

6 2841 11 2872 ³
149 2859 302 2949 quoque
320 2853 585 2932 similitudinis
594 2880 684 2932 cum
697 2857 877 2933 filisormi
893 2859 1130 2956 embryonis
1152 2857 1530 2954 monocotyledonei
1548 2858 1662 2957 scapo
1680 2853 1842 2935 Stolones

2 2967 9 3000 ⁵
145 2980 176 3053 1.
194 2980 356 3060 Turioms
376 2984 432 3059 illi
446 2978 620 3082 bulbipari
632 2984 797 3069 habent,
822 2985 1255 3079 quiegerminantibus
1264 2984 1496 3070 Phoenicis,
1522 2983 1738 3069 Bulbines,
1763 2979 1843 3057 Or-

4 3209 7 3212 !
129 3107 353 3218 Ιιιὶιιιοςιῑί,
383 3107 630 3205 aliarumque
657 3111 873 3212 seminibus
894 3112 1120 3212 prodeunt,
1157 3113 1198 3189 δι
1222 3135 1326 3210 quos
1345 3124 1437 3190 ante
1468 3113 1801 3206 germinationem
1821 3130 1846 3182 a

2 3246 5 3251 ’
146 3254 247 3309 vero
268 3236 493 3332 embryone
508 3235 751 3331 distinguere
767 3238 966 3312 nonlicet
1014 3235 1275 3333 aequoniam
1291 3238 1366 3323 illi,
1392 3240 1471 3314 sola
1488 3238 1555 3313 sua
1568 3236 1694 3312 altera
1706 3233 1845 3311 extre·

144 3363 297 3447 coitate,
322 3370 443 3440 extra
460 3362 592 3437 semen
610 3359 841 3438 efferuntur
852 3372 895 3438 et
911 3388 967 3439 ex
981 3363 1144 3440 bulboso
1167 3364 1236 3440 suo
1258 3366 1340 3441 fine
1357 3387 1463 3440 nova
1476 3363 1614 3440 foliola
1632 3380 1843 3455 novasque

144 3486 336 3563 radiculas
352 3497 568 3587 promunt,
594 3488 720 3562 altera
744 3498 877 3565 autem
897 3493 1002 3565 intra
1022 3490 1207 3568 albumen
1231 3500 1395 3567 manent
1422 3487 1590 3565 demersi
1613 3488 1654 3565 δι
1674 3508 1845 3562 unacum

144 3611 224 3687 hoc
237 3613 394 3691 demum
412 3616 488 3687 toti
506 3614 722 3712 aplantula
738 3615 913 3690 seminali
929 3614 1189 3691 destruuntur
1206 3616 1246 3692 δι
1264 3620 1304 3692 in
1326 3617 1440 3692 suum
1463 3617 1758 3690 nutrimentum
1781 3609 1846 3685 cc·
1894 3663 1902 3672 -

3 3725 7 3766 r
146 3736 261 3813 dunt:
286 3739 373 3815 ideo
388 3759 549 3834 quoque
563 3739 811 3816 manifestum
831 3741 908 3827 eit,
933 3741 1039 3835 quod
1060 3740 1120 3817 isti
1135 3737 1328 3818 Stolones
1345 3740 1556 3816 secundum
1569 3741 1765 3835 rigorem,
1780 3756 1846 3820 ne·
1929 3754 1933 3762 ·

146 3865 278 3955 quead
289 3866 575 3961 embryonem,
586 3859 719 3960 neque
734 3865 909 3941 adullam
926 3874 1082 3965 partem
1098 3870 1134 3940 ei
1145 3869 1349 3966 propriam
1367 3864 1533 3949 referri,
1559 3862 1623 3938 sed
1635 3883 1711 3961 pro
1725 3875 1847 3958 pecu·
1869 3959 1873 3965 Ι

146 3989 234 4066 lieri
253 3994 403 4068 viscere
427 3992 566 4067 haberi
587 3991 772 4077 debcant,
797 3993 860 4067 cui
880 3991 1069 4091 proxima
1083 3989 1134 4065 fit·
1153 4013 1243 4065 cum
1267 3990 1416 4069 Vitello
1435 3988 1616 4077 affinitas.

2 1553 42 1629 'llll'

242 4173 417 4254 Radiculo
446 4175 635 4274 denique,
666 4198 750 4251 non
772 4166 926 4252 tantum
956 4176 1196 4273 embryonis
1217 4172 1283 4249 sed
1306 4173 1346 4249 &
1375 4172 1502 4248 totius
1522 4172 1653 4247 nuclei
1675 4188 1771 4269 pars
1792 4165 1851 4243 est

5 4363 7 4372 ι
125 4298 269 4396 .longe
283 4302 603 4387 constantilllma,
628 4303 817 4401 liquidem
834 4306 875 4378 in
893 4305 942 4379 iis
962 4306 1081 4378 etlam
1107 4300 1319 4376 seminibus
1336 4302 1580 4408 reperiatur,
1606 4299 1750 4394 quibus
1764 4320 1852 4370 om·

150 4430 561 4528 nealiudembryonis
577 4429 787 4523 vestigium
805 4427 922 4507 deest.
978 4424 1150 4528 Semper
1171 4425 1342 4502 solitaria
1360 4428 1555 4519 occurrit,
1581 4437 1853 4525 praeterquam

6 4637 21 4658 ..
151 4556 192 4626 in
211 4555 417 4633 seminibus
441 4552 619 4641 Secales,
646 4553 787 4630 Tritici
807 4564 927 4651 atque
947 4554 1129 4640 Hordei,
1155 4552 1299 4649 quibus
1320 4552 1430 4636 solis,
1457 4556 1496 4627 in
1520 4550 1733 4631 vastiffimo
1757 4569 1852 4642 cog·

6 4675 22 4720 ²'
148 4682 321 4758 nitorum
349 4685 541 4759 seminum
563 4684 741 4777 agmine,
766 4687 920 4765 ternae,
947 4689 1174 4777 quaternae,
1200 4686 1271 4753 aut
1295 4678 1399 4755 senae
1430 4677 1635 4768 radiculae,
1664 4677 1741 4749 rite
1772 4670 1853 4756 for-

143 4817 265 4882 rnatae
279 4809 317 4886 dt
332 4811 435 4886 bene
451 4833 476 4883 a
491 4810 561 4885 se'
551 4809 725 4885 invicem
743 4804 943 4898 discretae,
967 4806 1016 4883 ad
1038 4804 1235 4901 singulum
1254 4805 1519 4900 embryonem
1538 4798 1727 4888 concellae
1753 4796 1852 4870 sunt

6 4925 21 4994 ι’
144 4934 344 5013 omnibus
372 4945 507 5014 cetera
520 4936 680 5016 dotibus
697 4955 788 5012 cum
810 4930 891 5032 ipso
909 4932 1134 5029 embryone
1147 4931 1334 5027 congruit
1349 4927 1541 5013 radicula,
1566 4920 1679 5021 cujus
1698 4922 1855 5020 semper

7 5069 8 5078 ι
1044 5080 1077 5154 y
1336 5093 1341 5098 -
1639 5048 1857 5123 maximam
