4567 5959
797 521 1119 594 ·aeffl
1679 539 1682 546 ·
1717 491 1802 587 ear

190 734 515 837 monocolyledoneu
531 743 641 821 vera,
667 760 760 835 quae
777 742 1041 839 embryonem
1059 742 1208 817 habent
1230 745 1261 816 a'
1275 743 1410 840 prima
1429 739 1495 817 sua
1513 741 1724 816 nativitate
1742 721 1798 816 ex

80 875 177 938 uno
206 863 410 940 individuo
443 887 615 964 corpore
639 865 857 942 formatum
880 866 991 943 &ex
1012 868 1221 944 medullari
1241 876 1359 962 atque
1384 865 1560 942 corticali
1588 865 1799 941 substantia

86 991 147 1064 ita
177 989 417 1075 conflatum,
452 1000 501 1065 ut
525 994 563 1065 in
587 991 759 1086 qualibet
787 993 1046 1069 transversali
1077 995 1314 1090 embryonis
1342 990 1512 1069 sectione
1544 992 1696 1091 duplex
1730 992 1797 1067 illa

82 1114 300 1194 flumana
321 1127 512 1215 appareat
530 1114 705 1193 distinsta
725 1127 845 1215 atque
866 1123 1144 1214 integerrimam
1195 1157 1198 1162 ·

186 1322 315 1427 pseudo
329 1323 696 1428 -monocotylca'onea,
729 1333 896 1431 perinde
917 1332 1098 1428 quidem,
1134 1334 1194 1408 uti
1218 1334 1373 1432 priora,
1412 1331 1575 1408 solidum
1596 1331 1636 1409 dt
1657 1332 1799 1410 indivi-

86 1451 178 1527 sum
201 1455 410 1527 continent
434 1454 717 1551 embryonem,
756 1459 820 1534 sed
839 1459 950 1532 illum
973 1461 1013 1533 in
1027 1459 1248 1558 primordio
1264 1460 1332 1533 suo
1356 1463 1396 1532 in
1416 1459 1575 1534 lobulos
1597 1454 1796 1534 distinctos

87 1577 307 1677 partitum,
345 1577 386 1653 δι
405 1578 539 1678 postea
555 1582 735 1669 demum,
766 1609 824 1660 ex
846 1585 993 1659 lobulis
1011 1608 1086 1683 per
1110 1588 1380 1662 maturitatem
1401 1588 1506 1660 inter
1526 1585 1565 1659 se
1588 1585 1797 1659 conferru·

89 1704 283 1787 minatis,
322 1704 362 1776 in
392 1728 538 1804 corpus
558 1708 724 1784 solidum
751 1719 871 1805 atquc
900 1710 1146 1786 individuum
1172 1709 1526 1797 transformatum,
1556 1720 1603 1787 ut
1627 1714 1669 1783 in
1696 1708 1800 1785 Tro-

89 1829 250 1926 paeolo,
275 1825 489 1925 Paullinia‚
513 1831 800 1931 Mangostana,
827 1835 1132 1932 Barringtonia,
1160 1835 1357 1931 Greggia‚
1391 1835 1624 1912 Hernandia
1639 1836 1679 1912 δι
1698 1838 1798 1913 aliis.

90 1953 393 2030 Discernuntur
409 1981 431 2032 a
450 1961 675 2057 prioribus,
706 1971 860 2061 praeter
876 1961 1070 2039 diversam
1082 1963 1319 2060 embryonis
1343 1963 1644 2048 formationem,
1680 1965 1800 2037 etiam

95 2079 159 2156 his
178 2080 321 2176 fignis:
358 2087 398 2156 ιο
421 2086 529 2178 quod
552 2085 783 2166 medullaris
808 2098 928 2184 atque
947 2088 1146 2162 curticulis
1162 2088 1370 2164 substantia
1398 2088 1537 2164 insola
1562 2084 1798 2184 embryo'nis

97 2207 282 2292 radicula,
309 2211 444 2283 necin
463 2211 619 2308 reliqua
641 2208 728 2309 ejus
752 2236 944 2313 compage
960 2216 1188 2313 reperiatur
1206 2208 1433 2308 eonjunstm
1459 2221 1504 2286 20
1521 2213 1627 2309 quod
1642 2211 1800 2312 saepisli·

100 2357 161 2409 me
186 2331 387 2410 manifesta
408 2340 513 2413 intra
533 2339 840 2435 cotyledoneam
865 2337 1022 2415 massam
1046 2340 1142 2415 adsit
1161 2341 1363 2450 plumula:
1397 2363 1486 2416 cum
1508 2343 1594 2415 haec
1617 2340 1666 2414 ab
1688 2342 1799 2415 omni

104 2479 198 2534 vero
223 2461 448 2556 embryone
473 2466 865 2562 monocotylcdoneo
893 2466 1118 2544 constanter
1141 2467 1301 2552 exulet3
1340 2471 1381 2558 3⁰
1409 2465 1515 2561 quod
1538 2469 1695 2542 interna
1714 2488 1799 2541 em·

105 2583 262 2679 bryonis
287 2610 503 2687 compages
529 2590 634 2667 striis
665 2592 850 2668 obsoletis
875 2592 915 2667 δι
944 2593 1295 2677 transversalibus,
1330 2590 1584 2692 pristinarum
1612 2591 1799 2676 insslobos

106 2706 307 2786 seslionum
330 2720 452 2794 certis
475 2717 690 2813 indicibus,
724 2719 962 2818 plerumque
980 2729 1116 2794 notata
1135 2719 1200 2795 lit:
1226 2743 1317 2794 cum
1338 2721 1378 2793 in
1400 2719 1612 2816 prioribus'
1626 2717 1800 2794 medulla

106 2834 249 2936 semper
269 2847 498 2939 reperiatur
514 2845 731 2922 uniformis
750 2855 870 2942 atque
895 2849 1172 2939 integerrima3
1198 2846 1239 2921 δι
1259 2851 1308 2939 4⁰
1326 2845 1516 2941 denique,
1542 2843 1648 2940 quod
1668 2844 1799 2919 moles

106 2961 254 3041 istarum
280 2970 570 3067 cotyledonum
591 2971 747 3069 semper
770 2973 820 3048 fit
838 2974 1035 3056 maxima,
1075 2995 1151 3047 nec
1170 2994 1348 3069 unquam
1367 2971 1554 3048 radiculae
1578 2971 1658 3046 suae
1671 2992 1800 3067 aequa·

105 3088 151 3164 lis
171 3102 236 3168 aut
253 3094 477 3190 angustior,
502 3099 562 3171 uti
582 3097 619 3172 id
633 3100 672 3171 in
693 3101 897 3197 prioribus
918 3100 1045 3173 moris
1067 3096 1143 3173 else
1157 3099 1277 3183 solet,
1303 3101 1344 3172 in
1365 3099 1509 3195 quibus
1524 3118 1668 3195 nempe
1688 3103 1803 3171 totus

106 3216 281 3315 embryo,
319 3221 408 3297 fere
427 3223 582 3322 semper
602 3223 713 3300 testae
737 3224 818 3300 suae
838 3226 1009 3300 cavitate
1037 3223 1242 3318 angustior
1265 3224 1305 3303 dt
1328 3226 1537 3300 multoties
1557 3226 1709 3316 minor,
1756 3242 1802 3295 ae

104 3345 345 3432 grandufimo
370 3349 569 3424 albumine
592 3347 799 3427 contestus
822 3350 1160 3450 deprehenditur,
1191 3353 1375 3451 exceptis
1394 3349 1530 3425 saltem
1544 3343 1805 3447 paucissunis:

103 3460 428 3567 Potamogetone,
464 3472 745 3569 Triglochine,
782 3472 995 3573 Sagittaria
1013 3489 1133 3574 atque
1154 3476 1335 3562 Alisma,
1371 3478 1516 3572 quibus
1534 3476 1635 3551 ‘solis
1664 3474 1800 3548 semen

104 3596 432 3675 exalbuminosum
453 3600 522 3676 est.
572 3602 718 3680 Omnia
735 3607 856 3698 igitur
872 3606 1045 3705 pseudo·
1060 3603 1448 3700 monocotyledonea
1466 3604 1612 3678 semina
1631 3602 1797 3698 proprie

102 3716 148 3791 ad
167 3721 258 3799 alias
279 3726 415 3802 claffes
435 3732 658 3827 pertinent,
687 3729 935 3829 &pleraque
957 3754 1099 3806 eorum
1114 3728 1419 3826 dicotyledonea
1433 3730 1540 3812 sunt,
1567 3732 1718 3826 praeter
1733 3721 1796 3796 so·

98 3839 179 3921 lum
196 3847 442 3929 Hernandiae
464 3854 612 3940 semen,
638 3855 746 3951 quod
763 3853 1157 3954 'polycotyledonum
1181 3857 1257 3934 elie
1276 3849 1446 3935 videtur.

189 4058 342 4140 Plantae
364 4064 769 4162 monoeotyledoneae
791 4066 926 4143 itidem
951 4068 991 4140 in
1015 4085 1136 4141 veras
1160 4064 1201 4141 br
1222 4067 1374 4164 spurias
1395 4063 1603 4142 commode
1632 4062 1797 4163 dispesci

100 4183 257 4280 possunt
318 4189 424 4276 Illae,
458 4215 582 4268 unum
611 4191 862 4287 eundemque
892 4194 931 4265 in
959 4193 1145 4267 omnibus
1178 4192 1325 4265 habent
1350 4191 1596 4286 germinandi
1623 4190 1664 4266 δι
1684 4210 1797 4266 cres·

99 4312 203 4385 cendi
221 4316 408 4403 modum,
439 4317 482 4393 δι
498 4319 806 4412 consequenter,
840 4318 1013 4394 eundem
1037 4340 1199 4413 quoque
1223 4318 1366 4393 formae
1388 4326 1576 4392 externae
1597 4317 1798 4411 habitum,

95 4442 143 4506 ut
163 4435 369 4527 Gramina,
406 4442 693 4541 Cyperoideae,
720 4427 846 4529 Lilia,
873 4443 1093 4528 Orchides‚
1120 4441 1352 4528 Scitamina,
1380 4441 1532 4519 Palmae
1551 4443 1624 4521 &e
1658 4443 1798 4520 Poste·

97 4560 222 4638 riores
242 4579 378 4643 autem
399 4568 761 4664 solossgerminaudi
786 4570 907 4645 modo
940 4574 1045 4646 inter
1067 4571 1106 4645 se
1124 4570 1166 4646 δι
1188 4592 1279 4643 curn
1302 4571 1506 4667 prioribus
1531 4573 1797 4653 conveniunt,

99 4684 255 4781 reliquis
276 4717 380 4768 vero
407 4695 486 4771 suis
518 4696 676 4771 dotibus
703 4719 777 4794 per
801 4697 954 4792 singula
978 4698 1063 4772 sere
1083 4694 1228 4796 pundta
1246 4695 1490 4795 discrepant,
1516 4705 1563 4770 ut
1584 4694 1797 4777 Nelumbm

101 4800 237 4912 Trapa,
263 4815 610 4919 Ceratophylum‚
635 4820 835 4914 Cuscuta,
865 4820 1134 4907 MelocadtuS,
1171 4820 1432 4909 Loranthus,
1470 4821 1707 4899 Orobanche
1725 4820 1796 4893 &e

102 4928 199 5018 Hinc
223 4946 361 5044 planta
377 4947 767 5044 monocotyledonea
794 4951 1016 5045 generatim
1040 4948 1184 5026 dicitur
1203 4949 1287 5035 illa,
1338 4972 1429 5045 quae
1453 4951 1572 5024 unico
1599 4949 1797 5054 duntaxat

928 5089 1003 5150 uo
1693 5092 1796 5150 vero
