4567 5959
462 515 498 566 n
1168 528 1474 550 ······---·

461 696 600 774 foetus
649 689 835 769 Priorem
854 688 1034 768 nascendi
1056 687 1244 782 modum,
1278 686 1625 793 Gemmificationan,
1655 691 1920 790 posteriorem
1941 704 2076 771 autem
2102 696 2168 773 Ge-

462 825 673 902 ouationem
688 822 715 894 l.
727 815 1039 920 Fruiir'ficationem
1056 815 1257 916 appellare
1272 817 1417 909 solent,
1440 816 1547 910 quod
1561 838 1616 893 ex
1634 817 1705 892 isto
1715 817 1881 913 Gemma,
1911 845 1967 895 ex
1981 821 2058 895 hoc
2069 847 2168 900 vero

419 1022 424 1028 .
463 949 625 1043 Semina,
655 950 735 1024 duo
762 949 910 1048 quippe
931 940 1128 1019 notiffima
1148 943 1212 1020 illa
1233 947 1535 1045 propagationis
1555 947 1596 1020 in
1616 969 1746 1043 regno
1766 948 1979 1043 vegetabili
2001 970 2168 1043 organa,

462 1079 571 1154 suam
595 1076 756 1151 trahant
775 1074 984 1168 originem.

559 1268 732 1347 Diversa
748 1266 845 1344 adeo
862 1266 970 1339 initia
987 1259 1078 1364 ipsis
1095 1283 1256 1359 quoque
1273 1263 1421 1341 exinde
1440 1262 1733 1365 prodeuntibus
1754 1267 1920 1359 organis
1939 1263 2040 1341 'satis
2056 1273 2169 1342 nota·

462 1396 583 1474 bilem
602 1396 795 1470 inducunt
811 1389 1099 1477 diversitatem,
1124 1401 1172 1466 ut
1188 1392 1426 1491 plerumque
1445 1392 1544 1466 nihil
1559 1390 1607 1465 srt
1625 1390 1797 1474 facilius,
1823 1414 1942 1487 quam
1957 1414 2169 1488 gemmam,

463 1524 534 1602 vel
554 1524 685 1623 primo
705 1516 878 1619 asperto,
903 1517 1083 1591 asemine
1105 1518 1337 1595 discernere.
1388 1517 1732 1614 Quemadmodum
1749 1541 1854 1594 vero
1871 1521 2050 1611 origines
2067 1518 2169 1603 istae,

464 1655 504 1724 in
518 1651 606 1726 aliis
627 1650 791 1749 plantis,
818 1640 1135 1721 manifestissimae
1156 1645 1196 1720 ἃ
1217 1643 1324 1740 quasi
1341 1646 1522 1719 manibus
1542 1644 1758 1743 palpabiles
1771 1646 1878 1729 sunt,
1905 1653 2046 1718 contra
2064 1666 2169 1721 vero

464 1780 505 1851 in
518 1777 606 1851 aliis
619 1778 747 1869 magis
760 1769 1013 1854 absconditae,
1040 1772 1164 1849 vel&
1178 1775 1232 1847 ita
1248 1794 1391 1871 par-um
1411 1772 1458 1845 ab
1475 1773 1649 1846 invicem
1667 1772 1845 1847 discretae
1861 1771 2168 1871 deprehendun-

463 1913 550 1987 tur,
574 1910 621 1976 ut
640 1901 777 1993 iubis,
799 1896 932 1973 ultimi
952 1899 1298 2001 gemmitlcationis
1319 1908 1439 1992 atque
1453 1893 1769 1990 sruttificationis
1791 1901 1951 1973 termini
1971 1899 2010 1971 se
2024 1906 2169 1974 mutuo

337 2100 340 2105 .
462 2025 757 2123 contingere&
780 2026 856 2103 vix
880 2045 964 2099 non
987 2027 1149 2123 penitus
1173 2026 1213 2098 in
1236 2046 1361 2098 unum
1382 2023 1589 2097 confluere
1606 2025 1839 2102 videantur:
1873 2027 1927 2100 ita
1946 2025 2070 2108 sane,
2091 2024 2170 2122 ipsa

462 2177 626 2251 quoque
646 2152 947 2251 propagationis
971 2173 1122 2247 organa
1141 2172 1222 2225 non
1246 2152 1378 2227 ubivis
1401 2152 1489 2248 pari
1509 2149 1749 2229 diversitatis
1773 2152 1898 2248 gradu
1919 2174 1942 2225 a
1965 2150 2003 2224 se
2026 2159 2170 2224 mutuo

462 2282 623 2365 distant,
660 2301 735 2354 nec
761 2277 971 2354 evidentes
989 2277 1146 2375 semper
1171 2277 1404 2352 discriminis
1433 2276 1490 2349 sui
1518 2278 1557 2349 in
1589 2278 1726 2356 fronte
1754 2286 1902 2376 gerunt
1926 2287 2065 2363 tuntas,
2104 2274 2169 2352 sed

462 2410 602 2507 plures
618 2409 755 2506 potius
773 2403 918 2478 dantur
930 2403 1059 2486 casus,
1086 2405 1125 2476 in
1143 2406 1288 2499 quibus
1306 2415 1415 2479 tanta
1436 2406 1541 2480 inter
1557 2407 1622 2480 illa
1639 2406 1869 2491 intercedit,
1897 2404 1967 2481 vel
1981 2413 2169 2478 externae

461 2534 622 2627 figurae,
647 2532 714 2606 vel
733 2533 905 2603 internae
919 2528 1095 2615 fabricae,
1120 2530 1244 2607 vel&
1262 2536 1475 2627 utriusque
1499 2531 1781 2618 conformitas,
1810 2542 1858 2607 ut
1878 2533 2043 2606 omnino
2066 2551 2170 2604 non·

460 2680 665 2753 nunquam
683 2654 915 2756 perdifficile
927 2652 994 2739 sit,
1018 2653 1169 2732 mer'am
1190 2678 1538 2751 gemmamavero
1551 2658 1698 2732 semine
1717 2654 1959 2741 discernere,
1984 2653 2168 2749 smgulis·

398 2879 401 2886 .
460 2809 541 2880 que
565 2784 677 2857 suum
705 2784 784 2856 rite
805 2777 997 2872 affignare
1025 2780 1180 2854 locum:
1221 2782 1557 2876 quemadmodum
1579 2782 1674 2875 hoc,
1711 2782 1779 2856 vel
1807 2780 1890 2854 solo
1917 2802 2168 2874 gemmarum

461 2910 617 2985 illarum
630 2904 912 3002 srmpliciorum
927 2905 1083 2980 abunde
1099 2906 1293 2980 docemur
1305 2909 1514 3007 exemplo,
1538 2910 1685 3002 quaein
1701 2907 1850 3006 plantis
1869 2904 2169 3005 impersestiori·

421 3057 423 3060 ’
461 3035 538 3109 bus
554 3032 645 3108 satis
673 3029 926 3124 frequentes,
968 3039 1120 3106 tantam
1150 3054 1240 3106 cum
1262 3028 1442 3126 ejusdem
1465 3033 1618 3109 ordinis
1643 3035 1755 3110 veris
1784 3035 1998 3109 seminibus
2022 3034 2169 3107 habent

460 3156 770 3240 similitudinem,
795 3163 846 3228 ut
862 3154 943 3229 illae
958 3179 1047 3230 cum
1065 3158 1148 3241 his,
1177 3156 1288 3231 sicuti
1309 3157 1397 3231 haec
1418 3159 1496 3257 ipsa
1514 3181 1605 3234 cum
1621 3158 1833 3235 seminibus
1851 3158 2170 3259 persediioribus,

460 3309 544 3360 uno
564 3285 756 3359 continuo
775 3291 896 3375 atque
910 3279 1156 3364 indissolubili
1177 3281 1382 3358 affinitatis
1396 3286 1559 3360 vinculo
1579 3285 1805 3369 cohaerere,
1836 3287 1905 3361 vel
1928 3294 2037 3359 certe
2056 3304 2168 3377 aegre

460 3409 695 3490 discernibili
709 3408 833 3481 limite
852 3408 899 3481 ab
920 3409 1091 3483 invicem
1109 3409 1310 3503 segregari
1327 3409 1562 3494 videantur3
1601 3432 1726 3504 quare
1748 3413 1866 3485 etiam
1888 3433 1972 3485 non
1998 3412 2169 3491 mirum,

460 3539 569 3636 quod
587 3536 684 3612 adeo
701 3533 854 3608 diversa
870 3532 1108 3629 scriptorum
1122 3533 1171 3608 de
1188 3534 1267 3608 istis
1287 3538 1456 3628 gemmis
1471 3534 1653 3634 prostent
1663 3530 1826 3629 judicia,
1863 3509 1957 3610 dum
1983 3535 2060 3610 scil.
2085 3534 2168 3617 alii,

459 3687 528 3742 eas
552 3668 592 3738 in
612 3683 806 3740 verarum
829 3679 1078 3752 gemmarum
1103 3680 1315 3735 numerum
1341 3663 1524 3759 recipere
1545 3659 1649 3735 haud
1674 3660 1873 3745 dubitent3
1900 3671 2043 3735 contra
2063 3682 2167 3735 vero

459 3794 542 3872 alii,
570 3792 684 3868 veris
696 3785 908 3861 seminibus
925 3803 993 3856 eas
1008 3784 1267 3869 immisceant3
1292 3785 1332 3859 aa
1346 3789 1491 3861 iterum
1503 3787 1586 3870 alii,
1612 3785 1773 3863 easdem
1790 3808 1867 3884 pro
1881 3809 2055 3886 corpore
2066 3807 2168 3880 quo·

457 3917 548 3993 dam
577 3919 688 3990 inter
717 3927 897 4006 gemmas
924 3917 1042 4003 atque
1065 3908 1211 3982 semina
1240 3910 1369 3986 medio
1398 3913 1627 3995 venditent,
1663 3912 1727 3983 cui
1754 3912 1882 3995 varia,
1917 3909 2046 3990 corculi
2068 3908 2171 4004 nudi,

459 4037 577 4137 fasioli
607 4035 757 4132 novelli,
794 4033 906 4135 sales
939 4036 1035 4128 vivi,
1083 4031 1236 4130 aliaque
1268 4057 1405 4122 nova,
1446 4048 1601 4136 praeter
1635 4034 1935 4123 necessitatem,
1983 4037 2171 4115 fecerunt

460 4187 640 4244 nonuua.

558 4341 1054 4441 Etsiigiturplurimarum
1067 4359 1339 4434 gemmarum,
1364 4341 1514 4417 exsoso
1525 4342 1660 4416 habitu
1678 4342 1749 4418 suo
1762 4352 1955 4427 externo,
1983 4342 2168 4417 facillima

460 4471 512 4549 fit
526 4466 745 4566 diagnosis,
777 4467 883 4540 clare
902 4475 1036 4539 tamen
1060 4489 1117 4540 ex
1141 4467 1261 4541 modo
1283 4464 1393 4544 distis
1414 4470 1557 4563 liquet,
1581 4468 1689 4564 quod
1705 4493 1780 4545 nec
1800 4470 1987 4545 omnibus
2009 4481 2168 4543 certum

461 4597 615 4692 lignum
637 4596 762 4669 fronti
788 4593 1040 4691 inscriptum,
1076 4613 1151 4666 nec
1169 4583 1358 4686 gemmae,
1390 4597 1432 4668 in
1453 4595 1684 4672 universum
1711 4592 1914 4693 spesiatae,
1945 4597 2082 4688 notio,
2114 4597 2167 4667 ita

460 4722 626 4799 stabilita
647 4729 770 4814 atquc
784 4719 943 4793 firmata
953 4716 1017 4802 sit,
1043 4727 1093 4791 ut
1107 4719 1247 4793 nullus
1257 4722 1387 4794 errori
1406 4720 1598 4819 superesse
1617 4720 1735 4821 possit
1757 4723 1880 4796 locus
1930 4717 2166 4813 Antequam

461 4851 584 4945 igitur
605 4846 654 4922 ad
682 4846 801 4946 ipsam
824 4866 905 4922 uos
923 4848 1179 4941 accingemus
1195 4847 1358 4922 seminis.
1374 4848 1709 4934 enucleationem,
1742 4870 1825 4924 uon
1844 4871 1869 4922 a
1890 4848 2007 4947 scopo
2027 4847 2168 4921 norem

1993 4969 2167 5048 alienum
