<?xml version="1.0" encoding="UTF-8"?>
<!DOCTYPE html PUBLIC "-//W3C//DTD XHTML 1.0 Transitional//EN"
    "http://www.w3.org/TR/xhtml1/DTD/xhtml1-transitional.dtd">
<html xmlns="http://www.w3.org/1999/xhtml" xml:lang="en" lang="en">
 <head>
  <title>
</title>
<meta http-equiv="Content-Type" content="text/html;charset=utf-8" />
  <meta name='ocr-system' content='tesseract 3.04.00' />
  <meta name='ocr-capabilities' content='ocr_page ocr_carea ocr_par ocr_line ocrx_word'/>
</head>
<body>
  <div class='ocr_page' id='page_1' title='image "./defructibusetse00librgoog_0032.png"; bbox 0 0 4567 5959; ppageno 0'>
   <div class='ocr_carea' id='block_1_1' title="bbox 491 493 1508 584">
    <p class='ocr_par' dir='ltr' id='par_1_1' title="bbox 491 493 1508 584">
     <span class='ocr_line' id='line_1_1' title="bbox 491 493 1508 584; baseline -0.01 0"><span class='ocrx_word' id='word_1_1' title='bbox 491 511 578 584; x_wconf 72' lang='lat' dir='ltr'>buu</span> <span class='ocrx_word' id='word_1_2' title='bbox 1197 493 1508 555; x_wconf 60' lang='grc' dir='ltr'><strong>*ΕΞ-ΞΕ</strong></span> 
     </span>
    </p>
   </div>
   <div class='ocr_carea' id='block_1_2' title="bbox 491 699 2176 1054">
    <p class='ocr_par' dir='ltr' id='par_1_2' title="bbox 491 699 2176 1054">
     <span class='ocr_line' id='line_1_2' title="bbox 491 699 2176 810; baseline -0.012 -8"><span class='ocrx_word' id='word_1_3' title='bbox 491 707 772 802; x_wconf 66' lang='lat' dir='ltr'>(eminentiis,</span> <span class='ocrx_word' id='word_1_4' title='bbox 797 713 950 810; x_wconf 76' lang='lat' dir='ltr'>praet&#39;er</span> <span class='ocrx_word' id='word_1_5' title='bbox 970 705 1141 782; x_wconf 81' lang='lat' dir='ltr'>somnam</span> <span class='ocrx_word' id='word_1_6' title='bbox 1155 713 1388 791; x_wconf 77' lang='lat' dir='ltr'>externam,</span> <span class='ocrx_word' id='word_1_7' title='bbox 1415 700 1527 782; x_wconf 65' lang='lat' dir='ltr'>namu</span> <span class='ocrx_word' id='word_1_8' title='bbox 1542 700 1637 788; x_wconf 81' lang='lat' dir='ltr'>ssnt3</span> <span class='ocrx_word' id='word_1_9' title='bbox 1663 699 2176 800; x_wconf 69' lang='lat' dir='ltr'>&amp;quodietiiffimehabeat</span> 
     </span>
     <span class='ocr_line' id='line_1_3' title="bbox 491 830 2176 936; baseline -0.013 -9"><span class='ocrx_word' id='word_1_10' title='bbox 491 847 790 927; x_wconf 67' lang='lat' dir='ltr'>Sanuasuuus</span> <span class='ocrx_word' id='word_1_11' title='bbox 808 835 910 936; x_wconf 72' lang='lat' dir='ltr'>(a),</span> <span class='ocrx_word' id='word_1_12' title='bbox 937 839 1009 932; x_wconf 76' lang='lat' dir='ltr'>qm</span> <span class='ocrx_word' id='word_1_13' title='bbox 1031 858 1081 913; x_wconf 66' lang='lat' dir='ltr'>‘eu</span> <span class='ocrx_word' id='word_1_14' title='bbox 1100 830 1185 931; x_wconf 82' lang='lat' dir='ltr'>jam</span> <span class='ocrx_word' id='word_1_15' title='bbox 1216 833 1366 909; x_wconf 89' lang='lat' dir='ltr'>dudum</span> <span class='ocrx_word' id='word_1_16' title='bbox 1395 832 1445 907; x_wconf 81' lang='lat' dir='ltr'>ad</span> <span class='ocrx_word' id='word_1_17' title='bbox 1476 853 1728 927; x_wconf 79' lang='lat' dir='ltr'>gemmarum</span> <span class='ocrx_word' id='word_1_18' title='bbox 1761 853 1927 927; x_wconf 73' lang='lat' dir='ltr'>gregem</span> <span class='ocrx_word' id='word_1_19' title='bbox 1957 830 2176 908; x_wconf 71' lang='lat' dir='ltr'>amandanda</span> 
     </span>
     <span class='ocr_line' id='line_1_4' title="bbox 492 975 663 1054; baseline -0.035 0"><span class='ocrx_word' id='word_1_20' title='bbox 492 975 663 1054; x_wconf 72' lang='lat' dir='ltr'>censuit</span> 
     </span>
    </p>
   </div>
   <div class='ocr_carea' id='block_1_3' title="bbox 437 1125 2237 4404">
    <p class='ocr_par' dir='ltr' id='par_1_3' title="bbox 437 1125 2175 1351">
     <span class='ocr_line' id='line_1_5' title="bbox 437 1125 2174 1231; baseline -0.012 -12"><span class='ocrx_word' id='word_1_21' title='bbox 437 1149 441 1152; x_wconf 82' lang='grc'><strong>’</strong></span> <span class='ocrx_word' id='word_1_22' title='bbox 587 1138 723 1223; x_wconf 88' lang='lat' dir='ltr'>Posset</span> <span class='ocrx_word' id='word_1_23' title='bbox 735 1133 897 1231; x_wconf 87' lang='lat' dir='ltr'>quidem</span> <span class='ocrx_word' id='word_1_24' title='bbox 911 1131 1152 1210; x_wconf 85' lang='lat' dir='ltr'>contrabaec</span> <span class='ocrx_word' id='word_1_25' title='bbox 1168 1129 1349 1203; x_wconf 87' lang='lat' dir='ltr'>moneri:</span> <span class='ocrx_word' id='word_1_26' title='bbox 1375 1131 1414 1198; x_wconf 82' lang='lat'>10</span> <span class='ocrx_word' id='word_1_27' title='bbox 1431 1126 1627 1222; x_wconf 86' lang='lat' dir='ltr'>Orginem</span> <span class='ocrx_word' id='word_1_28' title='bbox 1642 1125 1984 1204; x_wconf 67' lang='lat' dir='ltr'>&amp;remotionem</span> <span class='ocrx_word' id='word_1_29' title='bbox 2006 1125 2174 1221; x_wconf 84' lang='lat' dir='ltr'>granulo·</span> 
     </span>
     <span class='ocr_line' id='line_1_6' title="bbox 491 1250 2175 1351; baseline -0.01 -9"><span class='ocrx_word' id='word_1_30' title='bbox 491 1276 583 1349; x_wconf 73' lang='lat' dir='ltr'>r&#39;um</span> <span class='ocrx_word' id='word_1_31' title='bbox 605 1290 690 1343; x_wconf 92' lang='lat' dir='ltr'>non</span> <span class='ocrx_word' id='word_1_32' title='bbox 705 1271 826 1338; x_wconf 86' lang='lat' dir='ltr'>unam</span> <span class='ocrx_word' id='word_1_33' title='bbox 843 1256 920 1334; x_wconf 83' lang='lat' dir='ltr'>else</span> <span class='ocrx_word' id='word_1_34' title='bbox 938 1259 1185 1351; x_wconf 81' lang='lat' dir='ltr'>eandemque</span> <span class='ocrx_word' id='word_1_35' title='bbox 1208 1258 1248 1329; x_wconf 90' lang='lat' dir='ltr'>in</span> <span class='ocrx_word' id='word_1_36' title='bbox 1270 1253 1407 1350; x_wconf 81' lang='lat' dir='ltr'>fungis</span> <span class='ocrx_word' id='word_1_37' title='bbox 1428 1256 1632 1339; x_wconf 82' lang='lat' dir='ltr'>omnibus3</span> <span class='ocrx_word' id='word_1_38' title='bbox 1668 1251 1857 1348; x_wconf 82' lang='lat' dir='ltr'>siquidem</span> <span class='ocrx_word' id='word_1_39' title='bbox 1885 1256 1927 1328; x_wconf 91' lang='lat' dir='ltr'>in</span> <span class='ocrx_word' id='word_1_40' title='bbox 1949 1254 2053 1345; x_wconf 84' lang='lat' dir='ltr'>aliis,</span> <span class='ocrx_word' id='word_1_41' title='bbox 2083 1250 2175 1346; x_wconf 82' lang='lat' dir='ltr'>gela·</span> 
     </span>
    </p>

    <p class='ocr_par' dir='ltr' id='par_1_4' title="bbox 472 1359 2237 4404">
     <span class='ocr_line' id='line_1_7' title="bbox 486 1359 2237 1496; baseline -0.015 -21"><span class='ocrx_word' id='word_1_42' title='bbox 486 1401 574 1475; x_wconf 81' lang='lat' dir='ltr'>tina</span> <span class='ocrx_word' id='word_1_43' title='bbox 593 1418 667 1496; x_wconf 85' lang='lat' dir='ltr'>per</span> <span class='ocrx_word' id='word_1_44' title='bbox 689 1397 821 1466; x_wconf 88' lang='lat' dir='ltr'>totum</span> <span class='ocrx_word' id='word_1_45' title='bbox 838 1394 1075 1463; x_wconf 76' lang='lat' dir='ltr'>contextum</span> <span class='ocrx_word' id='word_1_46' title='bbox 1094 1381 1324 1458; x_wconf 78' lang='lat' dir='ltr'>cullulosum</span> <span class='ocrx_word' id='word_1_47' title='bbox 1344 1381 1490 1479; x_wconf 81' lang='lat' dir='ltr'>sparsa,</span> <span class='ocrx_word' id='word_1_48' title='bbox 1516 1383 1556 1454; x_wconf 93' lang='lat' dir='ltr'>in</span> <span class='ocrx_word' id='word_1_49' title='bbox 1573 1382 1789 1484; x_wconf 88' lang='lat' dir='ltr'>pulverem</span> <span class='ocrx_word' id='word_1_50' title='bbox 1811 1379 2046 1479; x_wconf 77' lang='lat' dir='ltr'>proliferum</span> <span class='ocrx_word' id='word_1_51' title='bbox 2063 1379 2175 1457; x_wconf 85' lang='lat' dir='ltr'>abeat,</span> <span class='ocrx_word' id='word_1_52' title='bbox 2236 1359 2237 1363; x_wconf 8' lang='grc' dir='ltr'><strong><em>Ν</em></strong></span> 
     </span>
     <span class='ocr_line' id='line_1_8' title="bbox 490 1502 2177 1618; baseline -0.016 -17"><span class='ocrx_word' id='word_1_53' title='bbox 490 1529 595 1600; x_wconf 79' lang='lat' dir='ltr'>utin</span> <span class='ocrx_word' id='word_1_54' title='bbox 616 1515 883 1618; x_wconf 76' lang='lat' dir='ltr'>Lycoperd03</span> <span class='ocrx_word' id='word_1_55' title='bbox 910 1516 952 1587; x_wconf 91' lang='lat' dir='ltr'>in</span> <span class='ocrx_word' id='word_1_56' title='bbox 967 1509 1053 1585; x_wconf 87' lang='lat' dir='ltr'>aliis</span> <span class='ocrx_word' id='word_1_57' title='bbox 1076 1517 1210 1582; x_wconf 85' lang='lat' dir='ltr'>autem</span> <span class='ocrx_word' id='word_1_58' title='bbox 1231 1507 1419 1605; x_wconf 86' lang='lat' dir='ltr'>limpidus</span> <span class='ocrx_word' id='word_1_59' title='bbox 1432 1508 1603 1593; x_wconf 80' lang='lat' dir='ltr'>humor,</span> <span class='ocrx_word' id='word_1_60' title='bbox 1628 1509 1807 1609; x_wconf 82' lang='lat' dir='ltr'>propriis</span> <span class='ocrx_word' id='word_1_61' title='bbox 1821 1507 2055 1582; x_wconf 85' lang='lat' dir='ltr'>cavitatibus</span> <span class='ocrx_word' id='word_1_62' title='bbox 2071 1502 2177 1577; x_wconf 87' lang='lat' dir='ltr'>corti·</span> 
     </span>
     <span class='ocr_line' id='line_1_9' title="bbox 491 1630 2177 1732; baseline -0.017 -5"><span class='ocrx_word' id='word_1_63' title='bbox 491 1654 550 1727; x_wconf 79' lang='lat' dir='ltr'>ci&#39;s</span> <span class='ocrx_word' id='word_1_64' title='bbox 569 1646 798 1729; x_wconf 85' lang='lat' dir='ltr'>conclusus,</span> <span class='ocrx_word' id='word_1_65' title='bbox 825 1644 866 1716; x_wconf 92' lang='lat' dir='ltr'>in</span> <span class='ocrx_word' id='word_1_66' title='bbox 881 1633 1312 1716; x_wconf 82' lang='lat' dir='ltr'>farinamsoboliseram</span> <span class='ocrx_word' id='word_1_67' title='bbox 1326 1642 1518 1728; x_wconf 75' lang='lat' dir='ltr'>cogatur,</span> <span class='ocrx_word' id='word_1_68' title='bbox 1540 1637 1615 1707; x_wconf 84' lang='lat' dir='ltr'>ut</span> <span class='ocrx_word' id='word_1_69' title='bbox 1606 1655 1646 1707; x_wconf 91' lang='lat' dir='ltr'>m</span> <span class='ocrx_word' id='word_1_70' title='bbox 1656 1630 2177 1732; x_wconf 76' lang='lat' dir='ltr'>Clavariaa(&#39;a);&amp;iteru1n</span> 
     </span>
     <span class='ocr_line' id='line_1_10' title="bbox 491 1759 2177 1866; baseline -0.012 -15"><span class='ocrx_word' id='word_1_71' title='bbox 491 1780 532 1852; x_wconf 92' lang='lat' dir='ltr'>in</span> <span class='ocrx_word' id='word_1_72' title='bbox 552 1777 639 1850; x_wconf 90' lang='lat' dir='ltr'>aliis</span> <span class='ocrx_word' id='word_1_73' title='bbox 661 1769 878 1848; x_wconf 85' lang='lat' dir='ltr'>manifestae</span> <span class='ocrx_word' id='word_1_74' title='bbox 902 1767 1161 1866; x_wconf 84' lang='lat' dir='ltr'>reperiantur</span> <span class='ocrx_word' id='word_1_75' title='bbox 1179 1759 1382 1854; x_wconf 77' lang='lat' dir='ltr'>vesiculae,</span> <span class='ocrx_word' id='word_1_76' title='bbox 1408 1760 1630 1839; x_wconf 88' lang='lat' dir='ltr'>ovulorum</span> <span class='ocrx_word' id='word_1_77' title='bbox 1654 1762 1830 1845; x_wconf 90' lang='lat' dir='ltr'>aemulae,</span> <span class='ocrx_word' id='word_1_78' title='bbox 1860 1784 1953 1856; x_wconf 88' lang='lat' dir='ltr'>quae</span> <span class='ocrx_word' id='word_1_79' title='bbox 1972 1761 2077 1833; x_wconf 81' lang='lat' dir='ltr'>intra</span> <span class='ocrx_word' id='word_1_80' title='bbox 2097 1776 2177 1853; x_wconf 85' lang='lat' dir='ltr'>pro·</span> 
     </span>
     <span class='ocr_line' id='line_1_11' title="bbox 488 1878 2178 2003; baseline -0.016 -26"><span class='ocrx_word' id='word_1_81' title='bbox 488 1904 599 2003; x_wconf 86' lang='lat' dir='ltr'>prias</span> <span class='ocrx_word' id='word_1_82' title='bbox 625 1900 810 1982; x_wconf 85' lang='lat' dir='ltr'>laminas,</span> <span class='ocrx_word' id='word_1_83' title='bbox 845 1913 991 1995; x_wconf 89' lang='lat' dir='ltr'>poros,</span> <span class='ocrx_word' id='word_1_84' title='bbox 1027 1898 1098 1965; x_wconf 87' lang='lat' dir='ltr'>aut</span> <span class='ocrx_word' id='word_1_85' title='bbox 1124 1888 1287 1964; x_wconf 87' lang='lat' dir='ltr'>tubulos</span> <span class='ocrx_word' id='word_1_86' title='bbox 1309 1889 1536 1978; x_wconf 78' lang='lat' dir='ltr'>haerentes,</span> <span class='ocrx_word' id='word_1_87' title='bbox 1572 1886 1767 1964; x_wconf 82' lang='lat' dir='ltr'>tandem</span> <span class='ocrx_word' id='word_1_88' title='bbox 1756 1909 1798 1962; x_wconf 81' lang='lat' dir='ltr'>ru</span> <span class='ocrx_word' id='word_1_89' title='bbox 1827 1885 2003 1962; x_wconf 87' lang='lat' dir='ltr'>colorata</span> <span class='ocrx_word' id='word_1_90' title='bbox 2030 1878 2178 1980; x_wconf 78' lang='lat' dir='ltr'>granula</span> 
     </span>
     <span class='ocr_line' id='line_1_12' title="bbox 489 2001 2177 2116; baseline -0.016 -10"><span class='ocrx_word' id='word_1_91' title='bbox 489 2029 704 2111; x_wconf 85' lang='lat' dir='ltr'>durentur,</span> <span class='ocrx_word' id='word_1_92' title='bbox 730 2026 810 2100; x_wconf 90' lang='lat' dir='ltr'>ut</span> <span class='ocrx_word' id='word_1_93' title='bbox 795 2045 842 2100; x_wconf 86' lang='lat' dir='ltr'>m</span> <span class='ocrx_word' id='word_1_94' title='bbox 860 2017 1055 2116; x_wconf 75' lang='lat' dir='ltr'>Agarico,</span> <span class='ocrx_word' id='word_1_95' title='bbox 1074 2001 1267 2114; x_wconf 80' lang='lat' dir='ltr'>Hyano,</span> <span class='ocrx_word' id='word_1_96' title='bbox 1301 2007 1449 2091; x_wconf 85' lang='lat' dir='ltr'>Boleto</span> <span class='ocrx_word' id='word_1_97' title='bbox 1470 2011 1541 2089; x_wconf 74' lang='lat' dir='ltr'>&amp;a</span> <span class='ocrx_word' id='word_1_98' title='bbox 1593 2018 1638 2086; x_wconf 53' lang='grc' dir='ltr'>αθ</span> <span class='ocrx_word' id='word_1_99' title='bbox 1661 2011 2021 2108; x_wconf 83' lang='lat' dir='ltr'>Integumentum</span> <span class='ocrx_word' id='word_1_100' title='bbox 2011 2037 2049 2088; x_wconf 89' lang='lat' dir='ltr'>m</span> <span class='ocrx_word' id='word_1_101' title='bbox 2072 2009 2177 2086; x_wconf 84' lang='lat' dir='ltr'>variis</span> 
     </span>
     <span class='ocr_line' id='line_1_13' title="bbox 488 2129 2176 2256; baseline -0.011 -26"><span class='ocrx_word' id='word_1_102' title='bbox 488 2151 668 2252; x_wconf 82' lang='lat' dir='ltr'>granulis</span> <span class='ocrx_word' id='word_1_103' title='bbox 683 2153 822 2246; x_wconf 86' lang='lat' dir='ltr'>utique</span> <span class='ocrx_word' id='word_1_104' title='bbox 837 2147 989 2244; x_wconf 82' lang='lat' dir='ltr'>rumpi,</span> <span class='ocrx_word' id='word_1_105' title='bbox 1007 2129 1048 2218; x_wconf 77' lang='lat' dir='ltr'>&#39;u</span> <span class='ocrx_word' id='word_1_106' title='bbox 1059 2149 1147 2216; x_wconf 85' lang='lat' dir='ltr'>tum</span> <span class='ocrx_word' id='word_1_107' title='bbox 1159 2139 1364 2230; x_wconf 84' lang='lat' dir='ltr'>novellam</span> <span class='ocrx_word' id='word_1_108' title='bbox 1377 2140 1577 2256; x_wconf 80' lang='lat' dir='ltr'>plantam</span> <span class='ocrx_word' id='word_1_109' title='bbox 1568 2164 1608 2215; x_wconf 80' lang='lat' dir='ltr'>in</span> <span class='ocrx_word' id='word_1_110' title='bbox 1618 2140 1749 2217; x_wconf 92' lang='lat' dir='ltr'>lucem</span> <span class='ocrx_word' id='word_1_111' title='bbox 1761 2139 1945 2242; x_wconf 86' lang='lat' dir='ltr'>prodire,</span> <span class='ocrx_word' id='word_1_112' title='bbox 1970 2139 2072 2216; x_wconf 89' lang='lat' dir='ltr'>haud</span> <span class='ocrx_word' id='word_1_113' title='bbox 2084 2135 2176 2213; x_wconf 80' lang='lat' dir='ltr'>secus</span> 
     </span>
     <span class='ocr_line' id='line_1_14' title="bbox 488 2249 2176 2364; baseline -0.014 -6"><span class='ocrx_word' id='word_1_114' title='bbox 488 2284 599 2358; x_wconf 83' lang='lat' dir='ltr'>acin</span> <span class='ocrx_word' id='word_1_115' title='bbox 620 2279 707 2358; x_wconf 80' lang='lat' dir='ltr'>aliis</span> <span class='ocrx_word' id='word_1_116' title='bbox 733 2274 968 2357; x_wconf 79' lang='lat' dir='ltr'>seminibus,</span> <span class='ocrx_word' id='word_1_117' title='bbox 1004 2269 1074 2348; x_wconf 89' lang='lat' dir='ltr'>vel</span> <span class='ocrx_word' id='word_1_118' title='bbox 1094 2267 1135 2344; x_wconf 77' lang='lat' dir='ltr'>bc</span> <span class='ocrx_word' id='word_1_119' title='bbox 1155 2273 1196 2361; x_wconf 83' lang='lat'>3⁰</span> <span class='ocrx_word' id='word_1_120' title='bbox 1212 2263 1369 2343; x_wconf 86' lang='lat' dir='ltr'>Testam</span> <span class='ocrx_word' id='word_1_121' title='bbox 1394 2249 1520 2341; x_wconf 83' lang='lat' dir='ltr'>adesse</span> <span class='ocrx_word' id='word_1_122' title='bbox 1543 2261 1669 2364; x_wconf 85' lang='lat' dir='ltr'>posse,</span> <span class='ocrx_word' id='word_1_123' title='bbox 1695 2269 1799 2360; x_wconf 80' lang='lat' dir='ltr'>licet</span> <span class='ocrx_word' id='word_1_124' title='bbox 1824 2268 1922 2345; x_wconf 89' lang='lat' dir='ltr'>adeo</span> <span class='ocrx_word' id='word_1_125' title='bbox 1942 2280 2118 2350; x_wconf 87' lang='lat' dir='ltr'>tenuem,</span> <span class='ocrx_word' id='word_1_126' title='bbox 2138 2266 2176 2334; x_wconf 91' lang='lat' dir='ltr'>ut</span> 
     </span>
     <span class='ocr_line' id='line_1_15' title="bbox 488 2379 2175 2498; baseline -0.012 -16"><span class='ocrx_word' id='word_1_127' title='bbox 488 2385 618 2487; x_wconf 81' lang='lat' dir='ltr'>visiun</span> <span class='ocrx_word' id='word_1_128' title='bbox 636 2383 812 2498; x_wconf 79' lang='lat' dir='ltr'>effugiat.</span> <span class='ocrx_word' id='word_1_129' title='bbox 831 2379 904 2477; x_wconf 77' lang='lat' dir='ltr'>&amp;c</span> <span class='ocrx_word' id='word_1_130' title='bbox 953 2391 1036 2478; x_wconf 87' lang='lat' dir='ltr'>Sed</span> <span class='ocrx_word' id='word_1_131' title='bbox 1057 2420 1102 2472; x_wconf 86' lang='lat' dir='ltr'>ac</span> <span class='ocrx_word' id='word_1_132' title='bbox 1125 2395 1214 2471; x_wconf 86' lang='lat' dir='ltr'>haec</span> <span class='ocrx_word' id='word_1_133' title='bbox 1234 2395 1481 2490; x_wconf 84' lang='lat' dir='ltr'>regerimus:</span> <span class='ocrx_word' id='word_1_134' title='bbox 1510 2397 1548 2464; x_wconf 86' lang='lat'>1⁰</span> <span class='ocrx_word' id='word_1_135' title='bbox 1571 2392 1874 2472; x_wconf 79' lang='lat' dir='ltr'>consistentiam</span> <span class='ocrx_word' id='word_1_136' title='bbox 1900 2389 1942 2473; x_wconf 72' lang='lat' dir='ltr'>dc</span> <span class='ocrx_word' id='word_1_137' title='bbox 1958 2385 2175 2475; x_wconf 85' lang='lat' dir='ltr'>distributio·</span> 
     </span>
     <span class='ocr_line' id='line_1_16' title="bbox 483 2512 2175 2632; baseline -0.015 -19"><span class='ocrx_word' id='word_1_138' title='bbox 483 2561 580 2613; x_wconf 85' lang='lat' dir='ltr'>uem</span> <span class='ocrx_word' id='word_1_139' title='bbox 606 2529 806 2615; x_wconf 84' lang='lat' dir='ltr'>medullae,</span> <span class='ocrx_word' id='word_1_140' title='bbox 841 2551 918 2632; x_wconf 88' lang='lat' dir='ltr'>pro</span> <span class='ocrx_word' id='word_1_141' title='bbox 943 2526 1059 2604; x_wconf 83' lang='lat' dir='ltr'>varia</span> <span class='ocrx_word' id='word_1_142' title='bbox 1079 2522 1298 2619; x_wconf 84' lang='lat' dir='ltr'>fungorum</span> <span class='ocrx_word' id='word_1_143' title='bbox 1319 2528 1438 2596; x_wconf 85' lang='lat' dir='ltr'>aetate</span> <span class='ocrx_word' id='word_1_144' title='bbox 1459 2529 1579 2616; x_wconf 86' lang='lat' dir='ltr'>atque</span> <span class='ocrx_word' id='word_1_145' title='bbox 1600 2521 1726 2620; x_wconf 86' lang='lat' dir='ltr'>specie</span> <span class='ocrx_word' id='word_1_146' title='bbox 1746 2527 1911 2599; x_wconf 89' lang='lat' dir='ltr'>omnino</span> <span class='ocrx_word' id='word_1_147' title='bbox 1935 2523 2092 2620; x_wconf 91' lang='lat' dir='ltr'>quidem</span> <span class='ocrx_word' id='word_1_148' title='bbox 2112 2512 2175 2591; x_wconf 87' lang='lat' dir='ltr'>esse</span> 
     </span>
     <span class='ocr_line' id='line_1_17' title="bbox 486 2633 2172 2749; baseline -0.01 -11"><span class='ocrx_word' id='word_1_149' title='bbox 486 2664 656 2744; x_wconf 79' lang='lat' dir='ltr'>variam3</span> <span class='ocrx_word' id='word_1_150' title='bbox 681 2667 857 2736; x_wconf 85' lang='lat' dir='ltr'>attamen</span> <span class='ocrx_word' id='word_1_151' title='bbox 876 2674 1027 2729; x_wconf 86' lang='lat' dir='ltr'>merum</span> <span class='ocrx_word' id='word_1_152' title='bbox 1040 2633 1118 2723; x_wconf 78' lang='lat' dir='ltr'>esse</span> <span class='ocrx_word' id='word_1_153' title='bbox 1131 2650 1171 2721; x_wconf 92' lang='lat' dir='ltr'>in</span> <span class='ocrx_word' id='word_1_154' title='bbox 1184 2649 1369 2724; x_wconf 90' lang='lat' dir='ltr'>omnibus</span> <span class='ocrx_word' id='word_1_155' title='bbox 1386 2646 1618 2733; x_wconf 87' lang='lat' dir='ltr'>medullam,</span> <span class='ocrx_word' id='word_1_156' title='bbox 1645 2651 1751 2727; x_wconf 90' lang='lat' dir='ltr'>unde</span> <span class='ocrx_word' id='word_1_157' title='bbox 1764 2651 1933 2749; x_wconf 84' lang='lat' dir='ltr'>granula</span> <span class='ocrx_word' id='word_1_158' title='bbox 1949 2649 2172 2726; x_wconf 79' lang='lat' dir='ltr'>formentur.</span> 
     </span>
     <span class='ocr_line' id='line_1_18' title="bbox 486 2773 2174 2898; baseline -0.015 -34"><span class='ocrx_word' id='word_1_159' title='bbox 486 2811 562 2864; x_wconf 83' lang='lat' dir='ltr'>nec</span> <span class='ocrx_word' id='word_1_160' title='bbox 585 2787 790 2898; x_wconf 85' lang='lat' dir='ltr'>uterinum</span> <span class='ocrx_word' id='word_1_161' title='bbox 814 2776 1015 2875; x_wconf 89' lang='lat' dir='ltr'>quendam</span> <span class='ocrx_word' id='word_1_162' title='bbox 1043 2787 1114 2850; x_wconf 89' lang='lat' dir='ltr'>aut</span> <span class='ocrx_word' id='word_1_163' title='bbox 1128 2775 1406 2875; x_wconf 88' lang='lat' dir='ltr'>spermaticum</span> <span class='ocrx_word' id='word_1_164' title='bbox 1432 2776 1631 2870; x_wconf 86' lang='lat' dir='ltr'>liquorem</span> <span class='ocrx_word' id='word_1_165' title='bbox 1655 2776 1744 2853; x_wconf 90' lang='lat' dir='ltr'>heic</span> <span class='ocrx_word' id='word_1_166' title='bbox 1760 2779 1928 2877; x_wconf 90' lang='lat' dir='ltr'>supponi</span> <span class='ocrx_word' id='word_1_167' title='bbox 1950 2773 2075 2878; x_wconf 82' lang='lat' dir='ltr'>posse,</span> <span class='ocrx_word' id='word_1_168' title='bbox 2098 2788 2174 2845; x_wconf 90' lang='lat' dir='ltr'>cum</span> 
     </span>
     <span class='ocr_line' id='line_1_19' title="bbox 487 2893 2174 3006; baseline -0.011 -18"><span class='ocrx_word' id='word_1_169' title='bbox 487 2933 695 3006; x_wconf 89' lang='lat' dir='ltr'>nunquam</span> <span class='ocrx_word' id='word_1_170' title='bbox 724 2918 809 2983; x_wconf 86' lang='lat' dir='ltr'>tota</span> <span class='ocrx_word' id='word_1_171' title='bbox 832 2903 1050 2982; x_wconf 87' lang='lat' dir='ltr'>istiusmodi</span> <span class='ocrx_word' id='word_1_172' title='bbox 1073 2903 1243 2997; x_wconf 89' lang='lat' dir='ltr'>liquoris</span> <span class='ocrx_word' id='word_1_173' title='bbox 1269 2898 1411 2986; x_wconf 85' lang='lat' dir='ltr'>massa,</span> <span class='ocrx_word' id='word_1_174' title='bbox 1439 2903 1546 2996; x_wconf 89' lang='lat' dir='ltr'>qoud</span> <span class='ocrx_word' id='word_1_175' title='bbox 1568 2903 1761 2997; x_wconf 91' lang='lat' dir='ltr'>quidem</span> <span class='ocrx_word' id='word_1_176' title='bbox 1751 2926 1792 2977; x_wconf 91' lang='lat' dir='ltr'>1n</span> <span class='ocrx_word' id='word_1_177' title='bbox 1819 2902 2021 2980; x_wconf 87' lang='lat' dir='ltr'>substratis</span> <span class='ocrx_word' id='word_1_178' title='bbox 2045 2893 2174 2976; x_wconf 78' lang='lat' dir='ltr'>casrbus</span> 
     </span>
     <span class='ocr_line' id='line_1_20' title="bbox 487 3002 2173 3131; baseline -0.013 -15"><span class='ocrx_word' id='word_1_179' title='bbox 487 3039 576 3116; x_wconf 85' lang='lat' dir='ltr'>fieri</span> <span class='ocrx_word' id='word_1_180' title='bbox 597 3034 801 3117; x_wconf 85' lang='lat' dir='ltr'>videmus,</span> <span class='ocrx_word' id='word_1_181' title='bbox 825 3002 889 3108; x_wconf 83' lang='lat' dir='ltr'>sed</span> <span class='ocrx_word' id='word_1_182' title='bbox 908 3051 1005 3131; x_wconf 89' lang='lat' dir='ltr'>pars</span> <span class='ocrx_word' id='word_1_183' title='bbox 1022 3039 1179 3106; x_wconf 87' lang='lat' dir='ltr'>tantum</span> <span class='ocrx_word' id='word_1_184' title='bbox 1193 3022 1282 3123; x_wconf 87' lang='lat' dir='ltr'>ejus</span> <span class='ocrx_word' id='word_1_185' title='bbox 1296 3029 1336 3100; x_wconf 92' lang='lat' dir='ltr'>in</span> <span class='ocrx_word' id='word_1_186' title='bbox 1351 3026 1630 3104; x_wconf 86' lang='lat' dir='ltr'>formationem</span> <span class='ocrx_word' id='word_1_187' title='bbox 1644 3028 1959 3107; x_wconf 82' lang='lat' dir='ltr'>&amp;nutritionem</span> <span class='ocrx_word' id='word_1_188' title='bbox 1974 3051 2065 3109; x_wconf 80' lang='lat' dir='ltr'>verr</span> <span class='ocrx_word' id='word_1_189' title='bbox 2054 3018 2173 3100; x_wconf 87' lang='lat' dir='ltr'>semi·</span> 
     </span>
     <span class='ocr_line' id='line_1_21' title="bbox 486 3147 2172 3258; baseline -0.01 -20"><span class='ocrx_word' id='word_1_190' title='bbox 486 3184 551 3238; x_wconf 79' lang='lat' dir='ltr'>nis</span> <span class='ocrx_word' id='word_1_191' title='bbox 565 3157 793 3237; x_wconf 78' lang='lat' dir='ltr'>insumatur</span> <span class='ocrx_word' id='word_1_192' title='bbox 845 3164 891 3231; x_wconf 82' lang='lat'>2⁰</span> <span class='ocrx_word' id='word_1_193' title='bbox 913 3154 1168 3235; x_wconf 89' lang='lat' dir='ltr'>Diverticula</span> <span class='ocrx_word' id='word_1_194' title='bbox 1186 3155 1412 3228; x_wconf 86' lang='lat' dir='ltr'>communia</span> <span class='ocrx_word' id='word_1_195' title='bbox 1433 3155 1549 3228; x_wconf 88' lang='lat' dir='ltr'>etiam</span> <span class='ocrx_word' id='word_1_196' title='bbox 1578 3157 1665 3230; x_wconf 90' lang='lat' dir='ltr'>aliis</span> <span class='ocrx_word' id='word_1_197' title='bbox 1692 3162 1862 3253; x_wconf 85' lang='lat' dir='ltr'>gemmis</span> <span class='ocrx_word' id='word_1_198' title='bbox 1888 3147 2172 3258; x_wconf 77' lang='lat' dir='ltr'>simplicioribus</span> 
     </span>
     <span class='ocr_line' id='line_1_22' title="bbox 487 3273 2172 3381; baseline -0.009 -17"><span class='ocrx_word' id='word_1_199' title='bbox 487 3288 566 3364; x_wconf 86' lang='lat' dir='ltr'>asse</span> <span class='ocrx_word' id='word_1_200' title='bbox 587 3285 764 3362; x_wconf 82' lang='lat' dir='ltr'>concessa</span> <span class='ocrx_word' id='word_1_201' title='bbox 772 3311 783 3370; x_wconf 72' lang='grc' dir='ltr'><strong><em>ς</em></strong></span> <span class='ocrx_word' id='word_1_202' title='bbox 809 3289 883 3362; x_wconf 89' lang='lat' dir='ltr'>nec</span> <span class='ocrx_word' id='word_1_203' title='bbox 909 3287 1123 3366; x_wconf 85' lang='lat' dir='ltr'>cavitates,</span> <span class='ocrx_word' id='word_1_204' title='bbox 1149 3300 1293 3381; x_wconf 90' lang='lat' dir='ltr'>poros,</span> <span class='ocrx_word' id='word_1_205' title='bbox 1315 3280 1340 3353; x_wconf 91' lang='lat' dir='ltr'>l.</span> <span class='ocrx_word' id='word_1_206' title='bbox 1359 3280 1523 3355; x_wconf 85' lang='lat' dir='ltr'>tubulos</span> <span class='ocrx_word' id='word_1_207' title='bbox 1541 3281 1649 3366; x_wconf 88' lang='lat' dir='ltr'>illos,</span> <span class='ocrx_word' id='word_1_208' title='bbox 1677 3306 1845 3362; x_wconf 87' lang='lat' dir='ltr'>munere</span> <span class='ocrx_word' id='word_1_209' title='bbox 1861 3289 1987 3370; x_wconf 87' lang='lat' dir='ltr'>uteri,</span> <span class='ocrx_word' id='word_1_210' title='bbox 2013 3279 2075 3357; x_wconf 83' lang='lat' dir='ltr'>se&#39;d</span> <span class='ocrx_word' id='word_1_211' title='bbox 2097 3273 2172 3349; x_wconf 77' lang='lat' dir='ltr'>sim·</span> 
     </span>
     <span class='ocr_line' id='line_1_23' title="bbox 472 3394 2174 3517; baseline -0.008 -27"><span class='ocrx_word' id='word_1_212' title='bbox 472 3417 600 3517; x_wconf 31' lang='lat' dir='ltr'>,plicis</span> <span class='ocrx_word' id='word_1_213' title='bbox 628 3411 876 3488; x_wconf 88' lang='lat' dir='ltr'>solummodo</span> <span class='ocrx_word' id='word_1_214' title='bbox 901 3413 1030 3487; x_wconf 85' lang='lat' dir='ltr'>thecae</span> <span class='ocrx_word' id='word_1_215' title='bbox 1053 3409 1189 3509; x_wconf 78' lang='lat' dir='ltr'>fungi,</span> <span class='ocrx_word' id='word_1_216' title='bbox 1220 3428 1343 3501; x_wconf 90' lang='lat' dir='ltr'>quum</span> <span class='ocrx_word' id='word_1_217' title='bbox 1375 3403 1415 3481; x_wconf 90' lang='lat'>&amp;</span> <span class='ocrx_word' id='word_1_218' title='bbox 1450 3408 1700 3507; x_wconf 85' lang='lat' dir='ltr'>receptaculo</span> <span class='ocrx_word' id='word_1_219' title='bbox 1731 3395 1925 3486; x_wconf 82' lang='lat' dir='ltr'>seminum</span> <span class='ocrx_word' id='word_1_220' title='bbox 1953 3394 2174 3511; x_wconf 86' lang='lat' dir='ltr'>proprio&amp;</span> 
     </span>
     <span class='ocr_line' id='line_1_24' title="bbox 485 3527 2172 3637; baseline -0.009 -17"><span class='ocrx_word' id='word_1_221' title='bbox 485 3545 572 3620; x_wconf 85' lang='lat' dir='ltr'>aliis</span> <span class='ocrx_word' id='word_1_222' title='bbox 589 3542 678 3615; x_wconf 83' lang='lat' dir='ltr'>veri</span> <span class='ocrx_word' id='word_1_223' title='bbox 700 3541 806 3615; x_wconf 88' lang='lat' dir='ltr'>uteri</span> <span class='ocrx_word' id='word_1_224' title='bbox 827 3537 986 3613; x_wconf 87' lang='lat' dir='ltr'>dotibus</span> <span class='ocrx_word' id='word_1_225' title='bbox 1005 3544 1178 3612; x_wconf 86' lang='lat' dir='ltr'>careant.</span> <span class='ocrx_word' id='word_1_226' title='bbox 1228 3535 1270 3625; x_wconf 81' lang='lat'>3⁰</span> <span class='ocrx_word' id='word_1_227' title='bbox 1286 3530 1611 3626; x_wconf 77' lang='lat' dir='ltr'>Integumentum</span> <span class='ocrx_word' id='word_1_228' title='bbox 1634 3540 1768 3637; x_wconf 89' lang='lat' dir='ltr'>rumpi</span> <span class='ocrx_word' id='word_1_229' title='bbox 1792 3536 1952 3632; x_wconf 88' lang='lat' dir='ltr'>quidem</span> <span class='ocrx_word' id='word_1_230' title='bbox 1974 3539 2014 3610; x_wconf 93' lang='lat' dir='ltr'>in</span> <span class='ocrx_word' id='word_1_231' title='bbox 2033 3527 2172 3608; x_wconf 72' lang='lat' dir='ltr'>mulusa</span> 
     </span>
     <span class='ocr_line' id='line_1_25' title="bbox 485 3649 2172 3764; baseline -0.007 -22"><span class='ocrx_word' id='word_1_232' title='bbox 485 3682 526 3743; x_wconf 88' lang='lat' dir='ltr'>at</span> <span class='ocrx_word' id='word_1_233' title='bbox 542 3671 579 3741; x_wconf 91' lang='lat' dir='ltr'>in</span> <span class='ocrx_word' id='word_1_234' title='bbox 597 3666 711 3740; x_wconf 91' lang='lat' dir='ltr'>nullo</span> <span class='ocrx_word' id='word_1_235' title='bbox 730 3668 827 3740; x_wconf 89' lang='lat' dir='ltr'>exui</span> <span class='ocrx_word' id='word_1_236' title='bbox 842 3674 912 3738; x_wconf 89' lang='lat' dir='ltr'>aut</span> <span class='ocrx_word' id='word_1_237' title='bbox 926 3663 1071 3761; x_wconf 88' lang='lat' dir='ltr'>deponi</span> <span class='ocrx_word' id='word_1_238' title='bbox 1085 3681 1281 3754; x_wconf 90' lang='lat' dir='ltr'>unquam,</span> <span class='ocrx_word' id='word_1_239' title='bbox 1309 3661 1389 3733; x_wconf 90' lang='lat' dir='ltr'>imo</span> <span class='ocrx_word' id='word_1_240' title='bbox 1406 3663 1542 3758; x_wconf 90' lang='lat' dir='ltr'>potius</span> <span class='ocrx_word' id='word_1_241' title='bbox 1567 3674 1710 3762; x_wconf 88' lang='lat' dir='ltr'>ruptas</span> <span class='ocrx_word' id='word_1_242' title='bbox 1724 3660 1813 3760; x_wconf 88' lang='lat' dir='ltr'>ejus</span> <span class='ocrx_word' id='word_1_243' title='bbox 1828 3675 1984 3764; x_wconf 84' lang='lat' dir='ltr'>partes,</span> <span class='ocrx_word' id='word_1_244' title='bbox 2010 3659 2101 3762; x_wconf 92' lang='lat' dir='ltr'>pilei</span> <span class='ocrx_word' id='word_1_245' title='bbox 2115 3649 2172 3747; x_wconf 68' lang='lat' dir='ltr'>(a)</span> 
     </span>
     <span class='ocr_line' id='line_1_26' title="bbox 484 3786 2173 3887; baseline -0.012 -17"><span class='ocrx_word' id='word_1_246' title='bbox 484 3795 523 3870; x_wconf 76' lang='lat' dir='ltr'>dc</span> <span class='ocrx_word' id='word_1_247' title='bbox 544 3795 699 3868; x_wconf 86' lang='lat' dir='ltr'>tuberis</span> <span class='ocrx_word' id='word_1_248' title='bbox 720 3791 798 3886; x_wconf 84' lang='lat'><strong>(4.)</strong></span> <span class='ocrx_word' id='word_1_249' title='bbox 821 3790 950 3864; x_wconf 84' lang='lat' dir='ltr'>forma</span> <span class='ocrx_word' id='word_1_250' title='bbox 973 3786 1197 3887; x_wconf 78' lang='lat' dir='ltr'>persistere,</span> <span class='ocrx_word' id='word_1_251' title='bbox 1224 3787 1409 3882; x_wconf 88' lang='lat' dir='ltr'>suamque</span> <span class='ocrx_word' id='word_1_252' title='bbox 1431 3792 1646 3883; x_wconf 86' lang='lat' dir='ltr'>vegetandi</span> <span class='ocrx_word' id='word_1_253' title='bbox 1664 3790 1892 3866; x_wconf 85' lang='lat' dir='ltr'>facultatem</span> <span class='ocrx_word' id='word_1_254' title='bbox 1917 3793 1971 3865; x_wconf 87' lang='lat' dir='ltr'>ita</span> <span class='ocrx_word' id='word_1_255' title='bbox 1994 3787 2173 3868; x_wconf 85' lang='lat' dir='ltr'>retinere,</span> 
     </span>
     <span class='ocr_line' id='line_1_27' title="bbox 483 3904 2172 4016; baseline -0.009 -23"><span class='ocrx_word' id='word_1_256' title='bbox 483 3920 588 3994; x_wconf 87' lang='lat' dir='ltr'>utad</span> <span class='ocrx_word' id='word_1_257' title='bbox 608 3916 881 4013; x_wconf 85' lang='lat' dir='ltr'>integrandam</span> <span class='ocrx_word' id='word_1_258' title='bbox 895 3915 1085 4000; x_wconf 89' lang='lat' dir='ltr'>formam,</span> <span class='ocrx_word' id='word_1_259' title='bbox 1107 3916 1225 3990; x_wconf 88' lang='lat' dir='ltr'>matri</span> <span class='ocrx_word' id='word_1_260' title='bbox 1238 3912 1420 4003; x_wconf 86' lang='lat' dir='ltr'>similem,</span> <span class='ocrx_word' id='word_1_261' title='bbox 1445 3918 1552 3993; x_wconf 89' lang='lat' dir='ltr'>suam</span> <span class='ocrx_word' id='word_1_262' title='bbox 1567 3917 1779 3993; x_wconf 85' lang='lat' dir='ltr'>conferant</span> <span class='ocrx_word' id='word_1_263' title='bbox 1796 3917 2028 4016; x_wconf 84' lang='lat' dir='ltr'>symbolam.</span> <span class='ocrx_word' id='word_1_264' title='bbox 2077 3904 2172 3984; x_wconf 88' lang='lat' dir='ltr'>deni·</span> 
     </span>
     <span class='ocr_line' id='line_1_28' title="bbox 484 4036 2175 4143; baseline -0.006 -23"><span class='ocrx_word' id='word_1_265' title='bbox 484 4069 563 4141; x_wconf 86' lang='lat' dir='ltr'>que</span> <span class='ocrx_word' id='word_1_266' title='bbox 591 4050 638 4138; x_wconf 80' lang='lat'>4⁰</span> <span class='ocrx_word' id='word_1_267' title='bbox 659 4044 815 4120; x_wconf 87' lang='lat' dir='ltr'>Testam</span> <span class='ocrx_word' id='word_1_268' title='bbox 836 4063 917 4119; x_wconf 93' lang='lat' dir='ltr'>non</span> <span class='ocrx_word' id='word_1_269' title='bbox 941 4066 995 4120; x_wconf 86' lang='lat' dir='ltr'>ex</span> <span class='ocrx_word' id='word_1_270' title='bbox 1020 4039 1207 4128; x_wconf 85' lang='lat' dir='ltr'>crassitie,</span> <span class='ocrx_word' id='word_1_271' title='bbox 1231 4041 1296 4116; x_wconf 90' lang='lat' dir='ltr'>sed</span> <span class='ocrx_word' id='word_1_272' title='bbox 1318 4065 1374 4118; x_wconf 90' lang='lat' dir='ltr'>ex</span> <span class='ocrx_word' id='word_1_273' title='bbox 1400 4045 1635 4143; x_wconf 87' lang='lat' dir='ltr'>impotentia</span> <span class='ocrx_word' id='word_1_274' title='bbox 1654 4044 1868 4139; x_wconf 84' lang='lat' dir='ltr'>vegetandi</span> <span class='ocrx_word' id='word_1_275' title='bbox 1885 4039 2072 4141; x_wconf 87' lang='lat' dir='ltr'>judicari,</span> <span class='ocrx_word' id='word_1_276' title='bbox 2095 4036 2175 4110; x_wconf 83' lang='lat' dir='ltr'>hinc</span> 
     </span>
     <span class='ocr_line' id='line_1_29' title="bbox 484 4157 2174 4271; baseline -0.006 -25"><span class='ocrx_word' id='word_1_277' title='bbox 484 4193 647 4269; x_wconf 88' lang='lat' dir='ltr'>quoque</span> <span class='ocrx_word' id='word_1_278' title='bbox 666 4170 735 4245; x_wconf 87' lang='lat' dir='ltr'>vel</span> <span class='ocrx_word' id='word_1_279' title='bbox 757 4169 880 4266; x_wconf 80' lang='lat' dir='ltr'>ipsum</span> <span class='ocrx_word' id='word_1_280' title='bbox 899 4167 1172 4248; x_wconf 64' lang='lat' dir='ltr'>sumamma</span> <span class='ocrx_word' id='word_1_281' title='bbox 1194 4167 1290 4268; x_wconf 60' lang='lat' dir='ltr'>(a),</span> <span class='ocrx_word' id='word_1_282' title='bbox 1322 4172 1534 4247; x_wconf 86' lang='lat' dir='ltr'>absentiam</span> <span class='ocrx_word' id='word_1_283' title='bbox 1556 4171 1667 4249; x_wconf 88' lang='lat' dir='ltr'>testae</span> <span class='ocrx_word' id='word_1_284' title='bbox 1693 4174 1733 4245; x_wconf 93' lang='lat' dir='ltr'>in</span> <span class='ocrx_word' id='word_1_285' title='bbox 1761 4170 1947 4271; x_wconf 90' lang='lat' dir='ltr'>plurimis</span> <span class='ocrx_word' id='word_1_286' title='bbox 1969 4157 2174 4263; x_wconf 83' lang='lat' dir='ltr'>fungorum</span> 
     </span>
     <span class='ocr_line' id='line_1_30' title="bbox 483 4292 2173 4404; baseline -0.006 -27"><span class='ocrx_word' id='word_1_287' title='bbox 483 4298 683 4404; x_wconf 76' lang='lat' dir='ltr'>speciebus</span> <span class='ocrx_word' id='word_1_288' title='bbox 703 4293 926 4396; x_wconf 79' lang='lat' dir='ltr'>agnovisse,</span> <span class='ocrx_word' id='word_1_289' title='bbox 961 4294 1001 4373; x_wconf 75' lang='grc' dir='ltr'>δι</span> <span class='ocrx_word' id='word_1_290' title='bbox 1029 4298 1087 4392; x_wconf 41' lang='lat' dir='ltr'>in,</span> <span class='ocrx_word' id='word_1_291' title='bbox 1098 4297 1266 4396; x_wconf 89' lang='lat' dir='ltr'>reliquis</span> <span class='ocrx_word' id='word_1_292' title='bbox 1290 4294 1485 4376; x_wconf 74' lang='lat' dir='ltr'>aerenum</span> <span class='ocrx_word' id='word_1_293' title='bbox 1510 4293 1598 4398; x_wconf 92' lang='lat' dir='ltr'>ejus</span> <span class='ocrx_word' id='word_1_294' title='bbox 1622 4297 1894 4377; x_wconf 84' lang='lat' dir='ltr'>demonstratu</span> <span class='ocrx_word' id='word_1_295' title='bbox 1915 4295 1995 4372; x_wconf 86' lang='lat' dir='ltr'>esse</span> <span class='ocrx_word' id='word_1_296' title='bbox 2015 4292 2173 4370; x_wconf 78' lang='lat' dir='ltr'>facilem,</span> 
     </span>
    </p>
   </div>
   <div class='ocr_carea' id='block_1_4' title="bbox 2064 4437 2175 4516">
    <p class='ocr_par' dir='ltr' id='par_1_5' title="bbox 2064 4437 2175 4516">
     <span class='ocr_line' id='line_1_31' title="bbox 2064 4437 2175 4516; baseline -0.009 -24"><span class='ocrx_word' id='word_1_297' title='bbox 2064 4437 2175 4516; x_wconf 80' lang='lat' dir='ltr'>quum</span> 
     </span>
    </p>
   </div>
   <div class='ocr_carea' id='block_1_5' title="bbox 1395 4571 2173 4667">
    <p class='ocr_par' dir='ltr' id='par_1_6' title="bbox 1395 4571 2173 4667">
     <span class='ocr_line' id='line_1_32' title="bbox 1395 4571 2173 4667; baseline -0.01 -21"><span class='ocrx_word' id='word_1_298' title='bbox 1395 4585 1438 4667; x_wconf 80' lang='lat'>3.)</span> <span class='ocrx_word' id='word_1_299' title='bbox 1460 4583 1570 4647; x_wconf 77' lang='lat' dir='ltr'>Mrcu.</span> <span class='ocrx_word' id='word_1_300' title='bbox 1585 4591 1660 4652; x_wconf 75' lang='lat' dir='ltr'>tar.</span> <span class='ocrx_word' id='word_1_301' title='bbox 1701 4583 1857 4645; x_wconf 74' lang='lat' dir='ltr'>sennar.</span> <span class='ocrx_word' id='word_1_302' title='bbox 1881 4584 1974 4662; x_wconf 71' lang='lat' dir='ltr'>sung.</span> <span class='ocrx_word' id='word_1_303' title='bbox 1990 4582 2060 4647; x_wconf 73' lang='lat' dir='ltr'>baa.</span> <span class='ocrx_word' id='word_1_304' title='bbox 2074 4596 2094 4645; x_wconf 80' lang='lat' dir='ltr'>r.</span> <span class='ocrx_word' id='word_1_305' title='bbox 2106 4571 2173 4653; x_wconf 74' lang='lat' dir='ltr'>aas</span> 
     </span>
    </p>
   </div>
   <div class='ocr_carea' id='block_1_6' title="bbox 526 4628 2136 4773">
    <p class='ocr_par' dir='ltr' id='par_1_7' title="bbox 526 4628 2136 4773">
     <span class='ocr_line' id='line_1_33' title="bbox 526 4628 1040 4716; baseline -0.006 -19"><span class='ocrx_word' id='word_1_306' title='bbox 526 4635 565 4716; x_wconf 85' lang='lat'>1.)</span> <span class='ocrx_word' id='word_1_307' title='bbox 587 4629 762 4712; x_wconf 74' lang='lat' dir='ltr'>Vorlbufflg.</span> <span class='ocrx_word' id='word_1_308' title='bbox 786 4630 948 4694; x_wconf 83' lang='lat' dir='ltr'>Beobacht.</span> <span class='ocrx_word' id='word_1_309' title='bbox 972 4628 992 4694; x_wconf 90' lang='grc' dir='ltr'>Ι.</span> <span class='ocrx_word' id='word_1_310' title='bbox 1015 4652 1040 4694; x_wconf 83' lang='lat' dir='ltr'>r.</span> 
     </span>
     <span class='ocr_line' id='line_1_34' title="bbox 1458 4695 2136 4773; baseline -0.007 -12"><span class='ocrx_word' id='word_1_311' title='bbox 1458 4695 2136 4773; x_wconf 51' lang='lat' dir='ltr'>a.t.u.f.1.fit.19.f.1.atussadc.</span> 
     </span>
    </p>
   </div>
   <div class='ocr_carea' id='block_1_7' title="bbox 526 4775 1271 4863">
    <p class='ocr_par' dir='ltr' id='par_1_8' title="bbox 526 4775 1271 4863">
     <span class='ocr_line' id='line_1_35' title="bbox 526 4775 1271 4863; baseline -0.001 -16"><span class='ocrx_word' id='word_1_312' title='bbox 526 4784 562 4863; x_wconf 78' lang='lat' dir='ltr'>a)</span> <span class='ocrx_word' id='word_1_313' title='bbox 584 4785 734 4845; x_wconf 67' lang='lat' dir='ltr'>Scauro.</span> <span class='ocrx_word' id='word_1_314' title='bbox 757 4777 871 4852; x_wconf 73' lang='lat' dir='ltr'>analya.</span> <span class='ocrx_word' id='word_1_315' title='bbox 897 4792 917 4844; x_wconf 81' lang='lat' dir='ltr'>t.</span> <span class='ocrx_word' id='word_1_316' title='bbox 941 4794 966 4852; x_wconf 80' lang='grc' dir='ltr'>ς.</span> <span class='ocrx_word' id='word_1_317' title='bbox 988 4775 1011 4843; x_wconf 83' lang='lat' dir='ltr'>f.</span> <span class='ocrx_word' id='word_1_318' title='bbox 1034 4799 1056 4843; x_wconf 83' lang='lat'>1.</span> <span class='ocrx_word' id='word_1_319' title='bbox 1116 4781 1227 4844; x_wconf 76' lang='lat' dir='ltr'>uim.</span> <span class='ocrx_word' id='word_1_320' title='bbox 1249 4789 1271 4846; x_wconf 83' lang='lat' dir='ltr'>b</span> 
     </span>
    </p>
   </div>
   <div class='ocr_carea' id='block_1_8' title="bbox 588 4838 1941 4976">
    <p class='ocr_par' dir='ltr' id='par_1_9' title="bbox 588 4838 1941 4976">
     <span class='ocr_line' id='line_1_36' title="bbox 588 4838 1941 4976; baseline -0.035 -25"><span class='ocrx_word' id='word_1_321' title='bbox 588 4912 630 4976; x_wconf 72' lang='lat'>55,</span> <span class='ocrx_word' id='word_1_322' title='bbox 652 4894 673 4961; x_wconf 63' lang='lat' dir='ltr'>f.</span> <span class='ocrx_word' id='word_1_323' title='bbox 696 4915 718 4960; x_wconf 86' lang='lat'>1.</span> <span class='ocrx_word' id='word_1_324' title='bbox 737 4916 769 4959; x_wconf 60' lang='grc' dir='ltr'>ῃ,</span> <span class='ocrx_word' id='word_1_325' title='bbox 791 4917 818 4957; x_wconf 63' lang='lat'>2,</span> <span class='ocrx_word' id='word_1_326' title='bbox 1391 4840 1429 4919; x_wconf 91' lang='grc'>4)</span> <span class='ocrx_word' id='word_1_327' title='bbox 1453 4843 1563 4905; x_wconf 63' lang='lat' dir='ltr'>Mica.</span> <span class='ocrx_word' id='word_1_328' title='bbox 1585 4838 1605 4902; x_wconf 88' lang='grc' dir='ltr'>Ι.</span> <span class='ocrx_word' id='word_1_329' title='bbox 1626 4862 1652 4903; x_wconf 81' lang='lat' dir='ltr'>r.</span> <span class='ocrx_word' id='word_1_330' title='bbox 1693 4843 1850 4906; x_wconf 69' lang='lat' dir='ltr'>selim.</span> <span class='ocrx_word' id='word_1_331' title='bbox 1873 4838 1894 4904; x_wconf 82' lang='lat' dir='ltr'>l.</span> <span class='ocrx_word' id='word_1_332' title='bbox 1916 4862 1941 4904; x_wconf 79' lang='lat' dir='ltr'>c.</span> 
     </span>
    </p>
   </div>
   <div class='ocr_carea' id='block_1_9' title="bbox 1389 4982 1916 5068">
    <p class='ocr_par' dir='ltr' id='par_1_10' title="bbox 1389 4982 1916 5068">
     <span class='ocr_line' id='line_1_37' title="bbox 1389 4982 1916 5068; baseline -0.009 -20"><span class='ocrx_word' id='word_1_333' title='bbox 1389 4982 1433 5061; x_wconf 82' lang='grc' dir='ltr'>ς.)</span> <span class='ocrx_word' id='word_1_334' title='bbox 1454 4986 1531 5047; x_wconf 86' lang='lat' dir='ltr'>Gen.</span> <span class='ocrx_word' id='word_1_335' title='bbox 1554 5004 1625 5049; x_wconf 82' lang='lat' dir='ltr'>nov.</span> <span class='ocrx_word' id='word_1_336' title='bbox 1648 5003 1678 5068; x_wconf 87' lang='lat' dir='ltr'>p.</span> <span class='ocrx_word' id='word_1_337' title='bbox 1702 5002 1760 5063; x_wconf 80' lang='lat'>¹34·</span> <span class='ocrx_word' id='word_1_338' title='bbox 1904 4989 1916 4996; x_wconf 83' lang='lat'><strong><em>‘</em></strong></span> 
     </span>
    </p>
   </div>
   <div class='ocr_carea' id='block_1_10' title="bbox 0 0 2288 5958">
    <p class='ocr_par' dir='ltr' id='par_1_11' title="bbox 0 0 2288 5958">
     <span class='ocr_line' id='line_1_38' title="bbox 0 0 2288 5958; baseline 0 0"><span class='ocrx_word' id='word_1_339' title='bbox 0 0 2288 5958; x_wconf 95' lang='lat' dir='ltr'> </span> 
     </span>
    </p>
   </div>
  </div>
 </body>
</html>
