4567 5959
651 1200 1393 1347 PRAEFATIO,

155 1623 330 1794 Floria
344 1694 522 1766 curatam
539 1688 844 1785 disquisitionem
865 1692 1184 1770 &minutiorum
1210 1717 1371 1792 quoque
1392 1691 1480 1793 ejus
1499 1695 1868 1799 partium'fedulam

158 1844 529 1940 investigationem,
557 1845 733 1937 ingentis
748 1846 939 1923 utilitatis·
951 1849 1051 1942 quin
1067 1847 1401 1927 nece'llitatiselie
1421 1852 1469 1927 ad
1487 1855 1564 1929 rite
1588 1855 1870 1950 dignoscendas

158 2000 482 2095 ordinandasque
500 1997 677 2100 plantas,
704 2003 980 2077 recentiorum
1002 2001 1208 2088 industrii,
1234 2003 1326 2078 saitis
1343 2003 1382 2079 dc
1406 2006 1562 2083 abunde
1587 2006 1869 2087 confirmatum

156 2159 227 2234 eit
279 2152 361 2232 Sed
372 2157 432 2231 uti
445 2154 533 2229 haec
550 2153 749 2232 verillima
764 2159 871 2241 sunt,
903 2159 955 2232 ita
975 2157 1016 2232 dr
1039 2155 1077 2231 id
1098 2157 1372 2248 certiliimum,
1398 2163 1504 2257 quod
1524 2164 1691 2261 perinde
1707 2166 1868 2267 scrupu-

152 2317 305 2397 losum,
346 2314 388 2385 in
404 2295 666 2385 fruitibus'&
685 2309 900 2386 seminibus
931 2309 1152 2388 institutum
1180 2314 1428 2402 scrutinium,
1465 2318 1572 2409 haud
1596 2317 1731 2394 minus
1751 2297 1868 2406 utile,

154 2474 417 2551 immovero,
445 2464 495 2541 ad
517 2466 585 2539 rei?
599 2463 795 2543 herbariae
811 2464 1116 2567 perfectionem,
1142 2469 1214 2544 vel
1235 2470 1418 2554 manime¹
1431 2489 1595 2564 quoque
1613 2472 1867 2551 neceliarium

150 2624 215 2701 lit
246 2620 288 2697 A
304 2619 498 2698 fructibus
512 2621 884 2706 enim,·rnultorum
903 2637 1099 2716 generum
1114 2625 1205 2698 veri
1219 2607 1571 2722 pendent·limites‚
1597 2625 1728 2702 &non
1743 2628 1866 2704 solum

150 2783 197 2855 lu
214 2786 389 2855 externo
415 2797 558 2852 eorum
579 2774 734 2860 habitu,
758 2776 823 2860 sed
850 2780 1034 2878 inprimis
1053 2800 1215 2875 quoque
1238 2780 1278 2851 in
1309 2761 1467 2852 interna
1498 2780 1671 2878 ipsorum
1702 2780 1867 2868 fabrica,

79 2959 87 2968 ·
149 2937 260 3035 saepe
271 2932 370 3009 adeo
386 2939 495 3008 certa
515 2928 754 3006 affinitatum
770 2933 1012 3007 naturalium
1033 2934 1213 3018 vincula,
1239 2913 1390 3010 &adeo
1407 2909 1609 3008 luculenta
1624 2913 1868 3033 specierum,

32 3067 47 3075 ”
149 3111 370 3187 generum,
396 3088 636 3163 ordinumve
654 3084 1011 3185 deprehenduntur
1025 3087 1134 3183 figna
1150 3085 1394 3175 distinctiva,
1420 3090 1673 3172 ut'meliora,
1698 3093 1866 3166 tutiora·

149 3268 235 3343 que
252 3243 400 3336 frustra
421 3244 462 3317 in
485 3241 657 3318 floribus
671 3238 772 3340 iplis-
789 3239 1005 3334 quaelieris
1055 3241 1137 3318 His
1157 3244 1323 3329 accedit,
1351 3244 1458 3339 quod
1475 3266 1559 3324 non
1583 3265 1725 3342 parum
1735 3239 1867 3340 juvet,

149 3367 264 3503 poll'e
278 3399 453 3498 plantam
471 3421 528 3473 ex
543 3396 676 3473 frudtu
692 3397 942 3494 dignoscere,
968 3397 1126 3492 quando
1146 3395 1272 3474 liores
1286 3398 1456 3486 desunta
1475 3398 1584 3495 quod
1595 3400 1865 3476 exotici-fruc-

144 3564 243 3642 tus,
268 3557 308 3629 in
327 3552 622 3651 gazophilaceis
637 3545 839 3639 asservati,
868 3575 952 3629 non
971 3554 1048 3628 alia
1066 3554 1243 3638 ratione,
1270 3575 1390 3648 quam
1408 3571 1463 3633 ex
1478 3556 1644 3654 propria
1655 3551 1725 3628 lira
1744 3553 1864 3631 fabri-

3 3745 4 3750 *
148 3733 216 3795 ca,
241 3709 290 3785 ad
304 3717 414 3784 certa
435 3730 588 3803 genera
606 3718 755 3805 queant
771 3709 927 3793 reduci;
952 3708 993 3784 δι
1012 3707 1119 3805 quod
1137 3708 1358 3803 generatim
1374 3709 1506 3783 omnis
1527 3707 1750 3806 plantarum
1772 3730 1865 3804 cog·

144 3851 259 3941 nitio
275 3863 418 3962 manca
433 3862 483 3939 fit
504 3874 632 3960 atque
646 3869 903 3966 incompleta,
929 3884 1021 3959 quae
1042 3883 1125 3936 non
1150 3863 1359 3938 universas
1382 3858 1668 3960 compledtatur
1697 3859 1865 3938 fruuifi-
1993 3895 1999 3905 ·

144 4021 319 4098 cationis
331 4027 491 4117 partes,
517 4042 595 4096 nec
612 4020 829 4099 distindtam
848 4020 896 4096 de
910 4016 1093 4112 singuiis,
1123 4018 1240 4091 etiam
1261 4014 1478 4091 reconditis
1501 4015 1541 4091 &
1561 4017 1863 4103 minutioribus,

144 4171 332 4276 praebea't
346 4174 550 4249 notitiam:
575 4183 859 4260 uttaceamus,
886 4170 993 4271 quod
1019 4171 1133 4247 varia
1158 4169 1201 4243 dr
1223 4190 1307 4244 non
1331 4143 1573 4268 spernenda,
1600 4173 1639 4245 in
1660 4169 1864 4268 phyliolc·

141 4329 274 4427 giam,
302 4330 600 4423 oeconomiam,
625 4328 882 4405 &culturam
903 4279 1207 4423 vegetabilium,
1232 4347 1288 4400 ex
1301 4327 1500 4424 penitiore
1519 4326 1711 4401 seminum
1726 4329 1864 4422 cogni·

142 4487 282 4567 tione,
309 4483 539 4560 redundent
564 4485 793 4571 commoda,
825 4485 919 4580 q'uae
946 4507 970 4558 a
994 4479 1085 4557 sola'
1102 4478 1324 4573 eorundem
1338 4475 1589 4577 inspeitione
1608 4478 1862 4579 liuperliciali,

139 4641 380 4735 neutiquam
395 4637 618 4740 expediam,
645 4642 768 4715 immo
785 4640 1010 4734 nequidem
1025 4636 1208 4735 suspicari
1229 4640 1400 4727 queant..·
1438 4630 1526 4707 Etsi
1548 4655 1649 4709 vero
1670 4635 1758 4711 haec
1776 4660 1862 4712 onr-

136 4797 211 4871 nia
224 4792 301 4870 lint
312 4771 550 4889 indubitata,
574 4803 710 4870 tamen
725 4792 883 4870 nonnili
898 4791 1077 4869 modicos
1094 4785 1289 4863 hatienus
1306 4783 1545 4884 Carpologia
1563 4786 1657 4864 fecit
1677 4792 1861 4889 progres-

133 4950 234 5045 suS,
261 4947 303 5025 δι
330 4973 476 5051 parum
500 4950 584 5037 est,
602 4949 711 5045 quod
734 4951 878 5050 primis
905 4944 1158 5025 Cesaram
1179 4942 1376 5021 'inventis
1390 4940 1514 5046 fuerit
1536 4943 1710 5021 additum
1721 4967 1741 5017 z.
1766 4967 1858 5019 nam

1079 5122 1116 5185 ¹a
1677 5097 1861 5192 plerique
