4567 5959
851 539 1159 597 maen
1693 523 1873 588 'caxxln

1 741 17 810 L.
148 741 591 844 quilinissuisuiribus
616 748 656 822 in
673 725 822 822 nouam
845 733 1302 845 planum'convale'soat
1347 733 1634 820 'Gaudetenim
1653 737 1775 821 ve'lin
1793 749 1876 848 ipso

152 875 231 950 suo
251 875 518 948 involutionis
533 872 653 955 statu,
679 863 761 947 vita
780 875 966 971 propria,
991 872 1055 948 sed
1075 872 1254 946 nondum
1268 867 1417 957 astum
1442 893 1533 956 nec,
1556 868 1736 968 respeitu
1755 874 1874 952 dura-

154 1002 287 1074 tionis
304 999 406 1084 suae,
432 1003 471 1071 in
484 999 672 1073 omnibus
693 981 846 1092 aequali.
897 996 988 1072 Alia
1003 1021 1148 1096 nempe
1166 998 1329 1081 semina,
1354 998 1469 1072 brevi
1484 998 1753 1091 vegetativam
1763 1000 1874 1079 suam

159 1099 363 1200 virtutem
385 1113 593 1218 amittunt,
618 1122 741 1199 &nili
758 1123 884 1199 statim
912 1124 1000 1222 post
1022 1127 1290 1198 maturitatem
1314 1124 1422 1196 suam
1454 1132 1580 1197 terrae
1609 1126 1874 1214 mandentur,

156 1252 238 1325 vix
250 1246 421 1346 amplius
438 1254 684 1342 germinant,
710 1260 756 1323 ut
771 1249 1065 1348 Rhizophorae,
1090 1246 1271 1331 Cod'eae,
1295 1248 1525 1345 Angelicae,
1554 1243 1698 1337 Theae,
1727 1247 1877 1332 Fraxi-

157 1375 282 1449 nellae
303 1376 375 1449 &o
423 1372 518 1448 Alia
532 1386 673 1450 contra
696 1378 734 1449 in
751 1374 985 1470 vigefimum
1001 1385 1071 1449 aut
1088 1371 1427 1469 quadragefimum
1448 1396 1579 1469 usque
1604 1397 1754 1452 annum
1779 1381 1876 1458 viva

11 1539 13 1546 ,
55 1577 62 1584 ,
160 1499 205 1574 &
224 1509 372 1594 vegeta
391 1510 576 1587 manent,
601 1511 648 1576 ut
661 1501 846 1576 Mimosae
861 1501 906 1577 δι’
927 1504 1136 1578 variorum
1162 1497 1455 1593 Leguminum3
1483 1504 1589 1593 imo,
1612 1501 1641 1575 li
1662 1524 1762 1578 vera
1782 1527 1876 1580 nar·

1 1641 19 1651 ·’
148 1638 277 1731 rant,
305 1621 455 1701 Secalis
481 1647 605 1721 grana
627 1649 699 1725 per
720 1638 882 1703 centum
901 1626 1213 1722 &quadraginta
1236 1647 1366 1702 annos
1389 1626 1600 1710 allervata,
1637 1629 1764 1704 adhuc
1783 1647 1876 1727 ger-

16 1735 54 1792 ³-
163 1749 324 1826 minall'e
342 1751 425 1826 visa
445 1751 545 1830 sunt
597 1751 677 1828 Sed
699 1752 982 1830 ordinarius&
1003 1753 1215 1828 consuetus
1227 1753 1325 1826 vitae
1348 1756 1586 1850 embryonis
1602 1760 1800 1832 terminus
1815 1760 1875 1833 in-

169 1885 232 1954 tra
255 1855 442 1974 quartum
461 1889 532 1954 aut
555 1867 745 1957 ostavum
768 1902 917 1955 annum
940 1857 1136 1953 contineri
1157 1878 1338 1958 videtur,
1362 1891 1409 1954 ut
1429 1892 1562 1957 tamen
1580 1902 1657 1982 pro
1671 1877 1884 1978 cujusllBet

172 2004 305 2103 speciei
319 2005 510 2104 peculiari
532 2004 685 2100 indole,
708 2005 749 2080 δι
768 2029 845 2105 pro
862 2005 974 2081 varia
992 2003 1220 2088 succorum,
1247 2006 1431 2104 inprimis
1448 2007 1527 2082 olei
1545 2011 1650 2082 intra
1665 2010 1879 2104 cotyledo-

174 2150 242 2207 nes
266 2133 334 2206 vel
360 2131 546 2206 albumen
569 2133 764 2207 haerentis
789 2133 1010 2225 quantitate
1035 2143 1264 2217 acuatum,
1296 2156 1370 2230 per
1397 2155 1622 2229 congruum
1652 2144 1722 2208 aut
1742 2137 1881 2209 incon-

177 2277 313 2351 gruum
328 2256 476 2334 semina
493 2254 718 2338 asservandi
733 2259 914 2343 modum,
948 2257 1061 2334 varie
1081 2259 1122 2332 in
1140 2258 1266 2336 variis
1288 2259 1490 2357 protrahi,
1524 2261 1731 2334 autetiam
1753 2263 1883 2336 minui

177 2381 297 2482 poffit

266 2567 384 2648 Bona
397 2591 543 2671 nempe
559 2565 752 2648 seminum
769 2561 941 2672 custodia
961 2563 1063 2647 ellici
1083 2563 1241 2678 potest‘,·
1261 2579 1308 2647 ut
1324 2567 1561 2667 embryonis
1578 2567 1665 2650 vita
1680 2567 1788 2648 haud
1799 2575 1879 2649 cito

178 2695 453 2772 detrimentum
468 2700 617 2795 capiat,
643 2701 741 2793 quin
765 2697 805 2772 δι
826 2701 866 2771 in
887 2675 1047 2792 longius
1069 2707 1233 2796 tempus
1253 2697 1390 2774 duret:
1417 2702 1470 2774 ita
1487 2703 1603 2786 enim·
1623 2701 1693 2776 vel
1715 2699 1881 2798 simplici

182 2822 305 2897 charta
323 2824 506 2899 involuta
525 2821 664 2899 Tritici
688 2824 854 2906 semina,
879 2844 972 2918 quae
997 2826 1071 2900 vix
1093 2834 1269 2917 quatuor
1288 2847 1417 2901 annos
1441 2825 1656 2926 vegetandi
1678 2826 1761 2900 vim
1785 2829 1880 2902 reti-

184 2958 289 3034 nent,
311 2972 398 3024 eam
423 2959 558 3025 tamen
578 2973 654 3050 per
676 2949 813 3024 decem
841 2945 1044 3023 retinuiss‘e
1071 2929 1709 3051 Dunnmeu1us(1.)‘expertus
1734 2953 1811 3037 est;
1842 2952 1884 3028 δι

187 3071 234 3145 ita
251 3095 406 3169 quoque
420 3076 583 3161 semina,
611 3098 703 3172 quae
722 3075 839 3150 brevi
859 3077 900 3148 in
916 3084 1010 3149 aere
1025 3071 1172 3151 effoeta
1193 3073 1319 3162 fiunt,
1342 3097 1416 3176 per
1441 3080 1613 3177 plurima
1632 3076 1754 3153 lustra
1773 3078 1882 3153 luam

186 3198 332 3275 servare
352 3198 598 3276 fertilitatem
616 3199 858 3276 notiffimum
881 3200 956 3295 est,
979 3201 1138 3295 quaudo
1159 3202 1250 3278 satis
1263 3202 1343 3277 alte
1378 3207 1417 3276 in
1445 3212 1570 3278 terrae
1595 3207 1793 3299 gremium
1819 3201 1883 3282 de·

186 3324 378 3402 fodiuntur
393 3328 463 3404 vel
481 3329 622 3426 sponte
635 3352 685 3402 eo
708 3326 938 3403 deveniunt
988 3325 1098 3401 Hinc
1120 3328 1482 3423 generalis-regula
1506 3327 1584 3404 est:
1612 3341 1661 3404 ut
1686 3327 1838 3405 lentina·
1862 3354 1886 3404 a

187 3450 301 3526 libero
326 3461 448 3537 airis,
487 3456 708 3552 praesertim
732 3451 907 3527 calidi&
938 3453 1090 3528 humidi
1112 3452 1284 3537 accellu,
1310 3464 1620 3551 praecaveantur
1645 3454 1684 3529 ἃ
1711 3455 1750 3529 in
1776 3458 1883 3541 loco,

188 3591 365 3669 quantum
394 3578 484 3653 fieri
505 3579 635 3678 potest
660 3577 806 3674 frigido
836 3580 876 3654 δι
898 3577 997 3654 liceo
1032 3578 1312 3657 custodiantur.
1364 3576 1511 3655 Cetera
1534 3591 1668 3655 autem
1692 3583 1892 3664 artificia,

190 3705 304 3795 qualia
318 3704 532 3782 Euatsws
550 3703 651 3804 (a.)
672 3705 711 3780 ἅ
728 3705 795 3780 alii
810 3709 1114 3799 excogitarunt,
1144 3729 1232 3780 cum
1253 3701 1407 3780 delestu
1425 3704 1464 3779 ἃ
1486 3729 1563 3804 pro
1584 3707 1696 3782 varia
1724 3703 1885 3780 leminis

188 3825 353 3914 launoii,
377 3829 516 3917 oleoli,
541 3842 612 3907 aut
632 3826 794 3906 relinoli
815 3831 944 3906 indole
964 3830 1231 3929 adoperanda‚
1258 3831 1297 3905 δι
1317 3854 1393 3929 pro
1412 3830 1550 3928 scopo,
1575 3852 1696 3925 quem
1716 3850 1808 3904 cum
1827 3829 1886 3905 se·

190 3957 347 4032 minibus
368 3957 587 4042 habemus,
613 3961 667 4032 ita
688 3956 906 4032 adhibenda
934 3957 1043 4039 sunt,
1067 3967 1131 4040 ut,
1158 3960 1312 4049 quaein
1336 3957 1628 4030 nutrimentum
1655 3952 1790 4029 saltem
1816 3964 1890 4031 aut

193 4087 438 4179 propinquam
459 4084 680 4160 sementem
697 4083 886 4158 destinata
902 4084 1020 4182 sunt„
1036 4080 1125 4154 loco
1148 4089 1304 4154 tantum
1328 4078 1427 4154 iicco
1445 4102 1520 4154 nec
1540 4080 1664 4156 calido
1683 4080 1888 4160 afferven‘-

195 4211 252 4277 tur
265 4208 301 4283 u
316 4213 418 4285 intra
441 4212 662 4311 pericarpia
683 4211 747 4285 sua
764 4212 1063 4305 relinquantur,
1089 4205 1161 4280 nili
1184 4207 1269 4280 haec
1293 4206 1412 4278 nimis
1430 4203 1507 4278 lint
1523 4206 1769 4294 succulenta
1795 4229 1891 4305 quae

196 4343 311 4411 autem
333 4357 505 4435 peregre
533 4337 724 4412 mittenda
751 4337 866 4423 sunt,
900 4334 1032 4411 cerata
1058 4334 1217 4416 charta,
1252 4327 1382 4407 vel&
1410 4331 1559 4406 cistulis
1583 4340 1696 4407 terra
1717 4333 1890 4411 sabulosa

3 4451 6 4466 ’
194 4462 344 4556 repletis
364 4463 619 4550 claudantur3
646 4463 685 4538 &
703 4463 901 4557 denique,
925 4485 1017 4557 quae
1036 4459 1273 4536 curiofitatis
1295 4467 1451 4532 tantum
1472 4459 1600 4552 gratia
1618 4457 1890 4548 afferuntur,

44 4565 53 4604 ²
189 4586 321 4662 vitreis
340 4590 482 4688 phialis
511 4589 850 4677 benemeritis,
877 4609 969 4665 cum
998 4583 1181 4689 pauxillo
1206 4584 1410 4685 sulphuris
1436 4586 1527 4662 vivi.
1545 4596 1617 4661 aut
1639 4587 1893 4686 camphorae',

185 4710 463 4792 immittantur.
1907 4741 1909 4746 '

1813 4807 1890 4886 uu

234 4992 280 5077 ι)
298 4999 366 5064 von
387 4996 443 5064 der
463 4995 594 5065 hutssat.
616 5018 647 5086 p.
670 5000 726 5065 (o,
1092 4997 1344 5168 apoplipetppm
1373 4993 1425 5063 for
1445 4993 1589 5080 iungitis
1619 5016 1696 5061 ovet
1725 4993 1825 5060 Scede.
1851 4999 1891 5066 X.
1950 4981 1952 4984 ⁵

949 5139 953 5144 ,
1243 5107 1254 5150 1
1300 5107 1333 5149 ο,
