4567 5959
812 551 1117 634 ====
1706 597 1820 652 ‘xvrr

108 783 228 876 parte
246 777 420 878 scopulis
431 775 719 876 agglutinatur,
748 803 803 858 ex
820 784 948 860 altera
962 805 1117 860 novum
1134 781 1262 860 trudit
1276 780 1507 871 articulum,
1531 791 1652 882 atque
1667 784 1820 894 sicjsen·

109 902 242 977 simin
265 905 442 1003 plantam
462 909 708 983 convalescit
728 914 847 984 matri
869 910 950 986 suae
970 910 1138 1010 prorsus
1164 905 1363 986 fimitem,
1410 909 1560 1006 Ingens
1588 912 1646 989 est
1671 914 1821 990 borum

105 1030 365 1125 globulorum
396 1055 488 1106 cum
519 1057 623 1111 vero
653 1036 826 1129 quodam
855 1033 989 1111 fructu
1013 1037 1084 1114 »vel
1113 1037 1260 1114 semine
1287 1036 1522 1124 similitudo:
1564 1060 1656 1115 nam
1689 1033 1820 1117 multo

107 1157 294 1234 duriores
315 1158 423 1244 sunt,
460 1183 580 1255 quam
601 1160 683 1236 ulla
700 1161 773 1236 alia
794 1162 928 1263 stirpis
953 1184 1067 1262 pars,
1105 1161 1147 1239 dr
1178 1173 1331 1262 praeter
1359 1163 1530 1239 sormam
1553 1165 1658 1240 suam
1682 1165 1823 1244 exacte

108 1285 360 1384 sphaericam,
405 1289 529 1362 variis
558 1308 722 1382 quoque
755 1285 977 1375 coloribus,
1018 1289 1265 1384 rufescente,
1310 1291 1564 1386 ferrugineo,
1602 1291 1718 1367 fusco
1752 1276 1823 1372 aut

105 1414 244 1506 nigro,
269 1412 413 1512 saepius
430 1410 539 1487 tntu
560 1414 671 1498 sunt,
693 1425 740 1489 ut
759 1419 907 1491 nemini
924 1438 1007 1491 non
1026 1439 1103 1515 pro
1122 1439 1223 1491 vero
1240 1413 1374 1493 srudtu
1395 1419 1507 1494 facile
1525 1431 1676 1513 queant
1693 1423 1820 1519 impo-

107 1560 221 1615 nere.
296 1539 377 1614 His
406 1551 539 1617 tamen
575 1562 659 1614 non
688 1542 951 1627 obstantibus,
987 1544 1155 1636 quilibet
1183 1544 1366 1652 libenter
1387 1548 1448 1621 eis
1484 1548 1591 1620 inter
1621 1546 1822 1647 simplices

106 1683 288 1761 gemmas
311 1667 442 1741 locum
460 1667 668 1752 concedet,
694 1671 763 1763 qui
781 1669 849 1743 vel
872 1672 1068 1745 internam
1090 1670 1346 1763 globulorum
1367 1673 1537 1746 rimatus
1564 1670 1684 1746 suerit
1702 1669 1822 1749 sabri-

105 1815 213 1877 cam,
248 1802 392 1891 utpote
409 1818 464 1868 ex
489 1818 601 1870 mera
616 1794 789 1870 medulla
805 1793 932 1892 fatque
957 1798 1105 1869 cortice
1128 1799 1467 1893 compaginatam
1501 1798 1569 1872 vel
1584 1799 1653 1893 qui
1670 1823 1819 1874 eorun-

105 1918 197 1995 dem
218 1921 404 2018 inprimis
431 1920 668 2019 spettaverit
688 1934 847 2006 ortum,
874 1923 1023 2019 quippe
1038 1924 1124 2014 qui,
1150 1945 1203 1996 ex
1225 1921 1453 1999 confluente
1476 1924 1621 2022 saepius
1646 1926 1820 2002 duorum

104 2044 371 2120 articulorum
403 2050 443 2120 in
468 2053 601 2122 unum
620 2049 826 2142 globulum
861 2047 1050 2131 medulla,
1094 2049 1315 2135 excitatus,
1340 2049 1495 2125 nonnisi
1528 2055 1799 2145 vegetationis

104 2194 358 2268 nequaquam
379 2194 480 2251 vcro
504 2172 814 2249 foecundationis
834 2125 938 2271 opuls
955 2170 1032 2247 effe
1051 2173 1192 2272 potest
1809 2138 1822 2177 ⁸

211 2388 333 2474 Uien,
370 2389 585 2484 quibus&
615 2385 802 2467 Tremelios
827 2385 979 2464 L1nn.
1005 2387 1046 2465 dt
1073 2409 1216 2464 omnes
1245 2387 1383 2464 Fucos
1410 2391 1683 2488 complanatos
1712 2415 1817 2470 vero

106 2516 254 2591 semine
277 2515 507 2601 destitutos,
533 2535 864 2599 annumeramus,
892 2516 1002 2588 omni
1024 2537 1186 2611 quoque
1216 2514 1337 2588 sexus
1367 2515 1508 2589 umbra
1533 2520 1749 2614 privantur
1775 2520 1817 2595 dt

103 2664 331 2741 permeras
352 2664 533 2737 gemmas
548 2655 835 2742 propagantur.
886 2642 994 2718 Ulva
1009 2663 1155 2738 nempe
1167 2638 1385 2743 intestinalis,
1411 2645 1562 2738 promit
1571 2636 1692 2736 juxta
1709 2644 1818 2720 suam

105 2768 212 2843 basan
229 2770 480 2845 tuberculum
511 2770 693 2855 solidum,
730 2771 838 2867 quod
863 2768 1028 2868 simplici
1046 2769 1222 2865 partium
1246 2766 1405 2839 suarum
1433 2768 1685 2863 extensrone,
1706 2771 1817 2846 'mox

104 2897 147 2968 in
166 2894 353 2969 foliolum
373 2896 526 2969 lineare
545 2897 708 2994 planum
726 2896 955 2993 elongatur,
982 2894 1123 2970 deinde
1145 2903 1296 2982 autem,
1321 2892 1479 2984 quando
1496 2894 1718 2970 transversi
1738 2918 1816 2970 un-

104 3021 331 3115 guishabet
348 3021 660 3116 longitudinem,
685 3023 902 3100 fistulosum
927 3020 992 3105 fit,
1021 3019 1061 3094 dt
1087 3016 1139 3092 src
1161 3016 1298 3091 sensrm
1317 3020 1458 3092 matris
1479 3017 1559 3094 suae
1573 3024 1816 3097 nanciscitur

102 3145 290 3221 formam.
341 3146 702 3243 InreliquisUlvis,
728 3172 820 3245 quae
834 3145 1082 3228 velcostatae‚
1108 3145 1176 3219 vel
1198 3145 1354 3218 aveniae
1370 3146 1480 3226 sunt,
1504 3166 1675 3238 gemmae
1689 3149 1816 3223 liben-

102 3280 171 3345 ter
193 3274 233 3345 in
264 3275 391 3370 priori
412 3273 499 3348 casu
524 3299 580 3350 ex
605 3275 722 3350 costis
748 3269 957 3374 ipfis(1.),
992 3274 1032 3345 in
1050 3269 1179 3344 altero
1203 3281 1380 3344 auteme
1405 3270 1608 3347 frondium
1633 3278 1815 3368 margine

90 3395 180 3492 ¹(a)
198 3396 413 3494 pullulant,
438 3425 484 3474 ac
505 3405 546 3474 in
561 3404 743 3496 utrisque
763 3398 960 3498 simplices
975 3396 1144 3491 gongyli
1158 3394 1265 3479 sont,
1289 3399 1360 3489 qui
1377 3400 1551 3494 primurn
1566 3401 1729 3474 rotundi
1747 3402 1814 3477 vel

102 3522 354 3600 lenticularis
376 3526 526 3618 globuli
546 3526 672 3624 specie
699 3529 804 3601 intra
827 3527 1029 3602 frondium
1048 3524 1241 3597 corticem
1267 3523 1443 3614 haerent,
1470 3525 1756 3621 postea'autem
1773 3528 1823 3602 in:

102 3649 271 3744 ligulas,
298 3649 541 3733 bradteolas,
567 3652 790 3746 squamulas
804 3663 876 3727 aut
893 3659 1145 3734 ramentacea
1165 3650 1423 3745 corpuscula,
1449 3648 1611 3747 simplici
1639 3655 1816 3747 partium

101 3776 263 3851 suarum
285 3778 520 3852 exteufione
543 3788 769 3862 mutantur,
796 3778 835 3852 bt
855 3777 1016 3852 tandem
1039 3775 1215 3850 resoluto
1243 3777 1382 3850 matris
1402 3779 1550 3851 cortice
1573 3776 1619 3849 ab
1641 3800 1687 3849 ea
1711 3777 1814 3852 sece-

102 3902 264 3977 dunt&
289 3905 330 3976 in
358 3905 543 3979 novellas
567 3904 696 4002 Ulvas
725 3903 1005 3997 grandescunt
1055 3900 1129 3976 Ista
1153 3901 1358 3997 primitiva
1389 3902 1575 3995 granula,
1613 3912 1712 3997 puto
1735 3902 1815 3978 eise

101 4026 432 4104 nurtincationes
456 4030 544 4103 illas
568 4032 673 4102 intra
697 4029 899 4104 frondium
931 4027 1178 4102 substantiam
1202 4023 1370 4121 sparsas,
1408 4049 1508 4119 quas
1540 4030 1723 4102 nonnulli
1743 4027 1814 4126 (a)

101 4154 227 4232 Ulvis
255 4156 456 4239 tribuunt,
482 4156 522 4231 dt
547 4157 768 4248 quas-sano
794 4154 906 4230 serisu
932 4154 1098 4242 sumtas,
1134 4136 1415 4224 G'usnrnus
1448 4151 1524 4249 (4)
1554 4174 1704 4247 negare
1729 4175 1812 4229 non

101 4280 306 4358 debuillet.
337 4279 642 4376 Capsulasvero
660 4281 766 4364 illas,
790 4290 950 4356 centum
969 4271 1185 4354 seminibus
1200 4274 1406 4369 gravidas,
1431 4276 1811 4370 quasnnansonos

99 4408 170 4508 (5)
194 4407 318 4482 Ulvae
342 4404 502 4484 misaca
522 4406 721 4492 adscribit,
747 4426 823 4482 eas
834 4416 944 4480 certe
970 4428 1090 4480 nemo
1121 4423 1196 4476 nec
1215 4402 1333 4486 vidit,
1361 4422 1438 4476 nec
1457 4403 1608 4480 videbit
1622 4425 1810 4500 unquam.

924 4547 928 4564 ·
1461 4549 1464 4557 ’
1590 4549 1595 4556 ’
1628 4530 1814 4610 Ceramia

146 4689 190 4770 a)
217 4681 318 4750 Gmel.
345 4685 405 4749 sur.
432 4701 454 4749 c
485 4705 531 4749 ιι.
552 4667 624 4760 sa.
646 4691 668 4749 t'
692 4703 736 4757 23·
758 4698 781 4747 t.
803 4703 854 4759 24
875 4680 898 4745 f.
922 4702 946 4747 ι.
1021 4683 1065 4764 3.)
1094 4684 1184 4745 Linn.
1206 4699 1274 4760 ger.
1296 4678 1390 4765 plant.
1413 4689 1496 4748 1206.
1529 4677 1533 4684 ’

213 4797 448 4875 M025.f.1.
570 4845 765 4884 ..,,
841 4861 844 4868 ‚
1022 4808 1279 4896 4⁴)Lc‚p‚·35,
1341 4823 1357 4845 -·

146 4951 189 5019 a.)
210 4939 312 5008 snei
334 4940 410 5005 ibid.
433 4954 456 5006 t.
476 4953 515 5013 ιβ.
538 4941 561 5009 f.
582 4962 607 5018 3.
628 4956 650 5007 t.
672 4939 769 5009 aas.
795 4961 823 5006 a.
843 4955 867 5005 t.
889 4960 932 5005 aa.
959 5025 963 5033 ι
1022 4943 1066 5024 ς.)
1090 4941 1171 5004 Pam,
1193 4935 1286 5024 plant.
1309 4953 1337 5004 2.
1361 4960 1391 5024 p.
1416 4958 1454 5014 ¹3·

923 5078 947 5128 Ο

1239 5157 1265 5202 0
