4567 5959
811 542 1117 600 Q
1738 535 1816 586 LIX

210 745 308 849 Testa
331 744 511 826 seminis,
538 743 819 842 ex'primiriva
850 743 965 819 ovuli
991 744 1160 817 cuticula
1180 746 1287 820 suam
1313 744 1438 818 trahit
1469 747 1693 837 originem,
1726 747 1765 821 dr
1789 772 1813 823 a

116 874 228 947 novis
239 894 312 970 per
330 871 550 948 funiculum
572 868 831 945 umbilicalem
847 868 1155 960 advenientibus
1178 872 1299 947 succis
1315 867 1458 966 justam
1477 869 1584 944 suam
1602 871 1812 948 crailitiem

116 996 448 1072 &confistentiam
461 994 600 1070 sensim
616 997 862 1073 nanciscitur.
915 996 1023 1070 Hinc
1040 998 1247 1093 perficitur
1261 1020 1550 1091 nonuunquam
1571 996 1637 1071 sua
1654 998 1810 1096 sponte;

115 1123 391 1199 foecundationi
411 1129 543 1195 tamen
562 1121 631 1196 soli
653 1122 760 1197 suain
775 1122 893 1198 debet
911 1146 935 1200 a
952 1123 1104 1217 reliqua
1119 1127 1233 1208 ovuli
1255 1124 1370 1201 mana
1388 1125 1692 1223 separationem,
1718 1145 1811 1218 quae

115 1250 205 1323 adeo
226 1248 425 1346 completa
450 1246 529 1330 est,
554 1258 601 1321 ut
624 1247 786 1345 posthac
806 1249 918 1324 nullo
942 1250 1113 1347 amplius
1139 1253 1180 1324 in
1208 1253 1297 1326 loco
1317 1275 1409 1326 cum
1430 1251 1573 1325 nucleo
1592 1249 1811 1332 cohaereat,

115 1377 169 1450 sed
190 1376 301 1449 facile
317 1375 365 1446 ab
390 1393 440 1446 eo
458 1373 650 1470 separari,
677 1385 747 1448 aut
760 1386 870 1450 certe
889 1398 972 1449 non
987 1374 1198 1450 difficulter
1221 1380 1269 1453 ab
1284 1380 1353 1452 illo
1368 1377 1549 1470 distingui
1568 1373 1695 1474 possit.
1722 1373 1811 1449 Ma·

114 1513 198 1577 ture
225 1501 386 1598 quidem
409 1500 514 1573 fiunt
531 1498 792 1597 separationis
811 1499 915 1577 illius
940 1504 1067 1586 initia,
1095 1514 1241 1579 verum
1267 1503 1345 1601 ipsa
1361 1502 1474 1579 testae
1493 1502 1679 1575 formatio
1703 1502 1811 1575 lente

112 1629 306 1727 procedit,
332 1647 407 1698 nec
420 1624 491 1698 nili
509 1647 599 1701 cum
615 1628 774 1704 seminis
789 1630 1017 1704 maturitate
1036 1632 1197 1727 penitus
1209 1630 1444 1714 absolvitur,
1468 1651 1593 1723 quare
1611 1630 1729 1700 etiam
1744 1627 1812 1701 diu

111 1752 291 1828 mollis&
308 1752 532 1828 succulenta
546 1763 698 1836 manet,
722 1753 880 1849 suisque
893 1754 1104 1854 superfluis
1122 1756 1245 1831 succis
1258 1758 1548 1831 incrementum
1563 1753 1694 1832 nuclei
1704 1747 1812 1846 adju-

111 1889 189 1964 vat,
213 1881 346 1954 donec
359 1880 494 1956 sensim
511 1882 673 1979 penitus
691 1880 885 1978 exhausta
900 1882 1069 1960 debitam
1091 1881 1218 1974 suam,
1243 1883 1282 1957 &
1299 1886 1338 1955 in
1362 1883 1486 1958 variis
1509 1878 1721 1956 admodum
1740 1902 1811 1955 va·

110 2008 222 2092 riam,
249 2008 393 2083 induat
414 2009 607 2082 sormam:
640 2006 689 2080 de
710 2028 788 2100 qua
810 2006 879 2081 suo
898 2007 986 2081 loco
1008 2009 1170 2106 plenius
1188 2008 1352 2084 dicetur.

196 2214 414 2298 Membrana
429 2221 585 2300 interna,
608 2224 694 2290 tota
709 2238 818 2290 nova
827 2233 855 2290 'a
873 2216 1169 2310 foecundat'ione
1184 2209 1407 2298 formatur,
1435 2237 1509 2290 nec
1523 2218 1651 2294 ullum
1667 2215 1754 2314 ejus
1770 2222 1810 2294 in

107 2345 223 2420 ovulo
237 2349 428 2441 virgineo
443 2344 550 2422 adest
570 2342 790 2437 vestigium.
842 2341 957 2416 Initia
976 2345 1043 2417 sua
1059 2343 1263 2420 manifeste
1290 2345 1337 2418 ab
1365 2345 1625 2420 interioribus
1646 2347 1811 2422 funiculi

108 2473 338 2547 umbilicalis
366 2471 470 2546 valis
495 2471 636 2562 trahit,
673 2492 766 2564 quae
790 2493 865 2569 per
892 2481 1019 2545 totam
1041 2465 1129 2565 ejus
1156 2470 1404 2567 superficiem
1428 2481 1640 2544 externam
1664 2471 1809 2545 discur-

108 2608 195 2672 runt
219 2598 258 2672 dr
282 2600 460 2673 tunicam
487 2599 590 2674 hanc
608 2597 1043 2672 contexere-videntur.
1094 2597 1271 2673 Interior
1289 2605 1423 2669 autem
1449 2589 1538 2690 ejus
1562 2595 1810 2694 superficies,

109 2723 144 2795 in
167 2726 388 2822 principio,
411 2732 496 2798 tota
520 2723 769 2808 succulenta,
806 2723 1019 2815 gelatinosa
1039 2735 1108 2797 aut
1131 2722 1295 2820 puiposa
1318 2720 1376 2795 est
1395 2732 1515 2817 atque
1535 2726 1745 2798 nutritioni
1772 2722 1811 2798 &

107 2850 353 2926 incremento
369 2851 501 2924 nuclei
517 2850 707 2932 inservit,
738 2871 828 2921 cum
851 2871 994 2925 ornnes
1018 2849 1066 2924 ad
1088 2850 1354 2944 embryonem
1379 2852 1591 2925 venientes
1619 2849 1810 2924 humores

105 2996 155 3048 ex
171 2977 242 3051 hac
263 2974 380 3052 molli
400 2975 608 3050 substantia
629 2974 947 3072 proficiscantur,
973 2986 1042 3050 aut
1067 2997 1141 3073 per
1161 2999 1247 3049 eam
1267 2972 1584 3049 transcolentur:
1609 2976 1703 3049 hinc
1722 2976 1809 3050 sero

107 3101 142 3172 in
155 3123 300 3176 veram
318 3104 589 3178 membranam
608 3109 873 3194 extenuatur,
899 3124 974 3176 nec
989 3101 1103 3176 facile
1116 3111 1215 3175 ante
1240 3102 1399 3200 plenam
1424 3102 1583 3176 seminis
1606 3104 1809 3177 maturita-

105 3235 180 3302 tem
193 3253 216 3304 a
231 3229 381 3307 nucleo
396 3227 559 3313 secedit,
586 3227 681 3302 dum
697 3236 837 3302 contra
857 3251 879 3302 a
894 3228 1009 3311 testa,
1036 3229 1075 3301 in
1091 3228 1301 3326 plurimis,
1328 3226 1432 3301 haud
1444 3248 1553 3321 aegre
1568 3228 1761 3305 solvatur.

60 3435 64 3446 '
194 3443 321 3519 Hisce
336 3446 639 3537 integumentis,
663 3440 959 3535 &regulariter
974 3441 1133 3536 quidem
1149 3441 1361 3525 ambobus,
1388 3443 1618 3516 continetur
1631 3441 1820 3530 nucleus,
1837 3427 1840 3432 ⁴

104 3567 166 3659 qui
180 3566 268 3644 sere
295 3578 410 3643 totus
429 3570 549 3644 solius
577 3568 886 3644 foecundatiouis
914 3589 1019 3667 opus
1039 3569 1108 3644 est.
1158 3566 1309 3642 Differt
1333 3577 1467 3641 autem
1490 3588 1609 3661 quam
1633 3571 1809 3643 maxime

104 3690 359 3782 duriusculus
380 3698 526 3771 maturi
547 3696 705 3797 seminis
730 3692 920 3778 nucleus,
954 3695 1031 3767 alio
1055 3694 1146 3767 loco
1170 3692 1457 3791 exponendus,
1482 3717 1505 3765 a
1526 3693 1668 3768 nucleo
1691 3694 1808 3770 ovuli

101 3832 285 3896 recenter
302 3823 573 3920 impraegnati:
608 3845 700 3897 nam
719 3823 783 3895 hic
803 3829 915 3895 totus
936 3819 1127 3919 pulposus
1149 3819 1189 3893 δι
1211 3820 1345 3893 mollis
1367 3817 1425 3893 est
1442 3841 1487 3891 ac
1507 3814 1726 3910 generatim
1753 3840 1809 3891 ex

102 3957 274 4038 quatuor
289 3946 479 4024 distinctis
492 3950 672 4047 partibus
689 3947 785 4022 solet
801 3947 1006 4045 componi:
1032 3967 1178 4042 nempe
1193 3968 1248 4017 ex
1263 3940 1439 4028 Chorio,
1464 3940 1636 4026 Amnio,
1663 3939 1808 4018 Saccu-

101 4069 139 4143 lo
158 4075 461 4169 colliquamenti
481 4086 599 4170 atque
618 4072 857 4169 Embryone
879 4074 977 4170 ipso;
1004 4094 1175 4167 quarum
1195 4070 1299 4167 saepe
1321 4090 1481 4153 omnes,
1506 4081 1657 4166 praeter
1680 4069 1806 4143 solum

100 4190 403 4294 Embryonem,
435 4225 511 4300 per
535 4204 807 4278 maturitatem
835 4200 994 4276 seminis
1022 4196 1307 4288 destruuntur,
1339 4203 1409 4268 aut
1436 4197 1475 4268 in
1500 4196 1610 4270 aliam
1635 4194 1806 4269 sormam

101 4333 319 4400 mutantur.
349 4395 352 4402 Α

196 4525 370 4613 Chorion,
397 4528 712 4608 Manere-nro
734 4530 826 4631 (1.)
847 4534 900 4606 ita
919 4529 1091 4615 dictum,
1118 4529 1197 4630 ipsa
1214 4528 1282 4601 illa
1305 4527 1503 4624 primaeva
1524 4524 1582 4601 est
1599 4528 1710 4602 ovuli
1728 4532 1805 4606 vir·

101 4655 203 4745 ginei
230 4657 442 4734 substantia
463 4659 817 4754 parenchymatosa
837 4667 907 4736 aut
934 4656 1122 4755 pulposa,
1149 4678 1241 4750 quae
1264 4673 1434 4728 unacum
1458 4654 1700 4750 epidermide
1720 4654 1804 4739 sua,

100 4788 225 4855 totam
240 4777 328 4878 ejus
342 4807 366 4858 a
380 4786 590 4861 nativitate
609 4786 730 4861 efficit
746 4784 911 4866 molem,
936 4806 1028 4876 quac
1045 4780 1185 4858 sensim
1203 4780 1459 4875 colliquescit,
1485 4778 1524 4853 δι
1539 4801 1630 4874 quae
1644 4779 1804 4854 domum

927 4908 1003 4983 hu
1633 4971 1639 4986 ,
1763 4906 1804 4977 in

143 5119 188 5197 r.)
210 5122 331 5183 luen.
353 5120 429 5186 ibid
451 5143 482 5208 p.
503 5139 547 5204 γι.
569 5141 617 5205 92.
