4567 5959
1104 500 1594 585 PRAEFA'rto.

493 722 677 821 plerique
689 715 779 817 post
794 709 882 812 ejus
895 723 1080 815 tempora
1094 718 1286 811 botanici,
1311 714 1380 791 vel
1397 718 1437 788 in
1451 711 1541 789 solis
1554 711 1723 790 floribus
1740 768 1751 800 ,
1777 715 1847 794 vel
1863 718 1904 792 in
1921 722 2095 792 externa
2109 719 2197 788 tan·

494 888 579 949 tuni
605 897 651 947 ac
682 875 835 950 rudiori
861 874 1153 966 acquieverunt
1175 871 1378 948 fructuum
1408 871 1577 986 fabricae
1609 880 1678 946 aut
1700 869 1728 944 si
1750 873 1930 948 nonnulli
1956 894 2117 955 eorum,
2152 879 2198 956 ut

493 1028 805 1114 Macaromus,
829 1026 1062 1111 Gnawws,
1086 1025 1389 1112 Pnasousws,
1415 1024 1641 1111 Msesrus,
1674 1024 1943 1105 Anausouus
1973 1027 2013 1103 δι
2034 1025 2121 1111 alii,
2157 1027 2199 1099 in

491 1185 747 1266 enucleandis
764 1180 1026 1260 seminibus&
1045 1181 1087 1253 in
1103 1181 1347 1258 dilucidanda
1365 1185 1524 1258 interna
1540 1180 1741 1260 frustrum
1756 1185 1921 1267 fabrica,
1948 1183 2055 1257 suam
2072 1177 2193 1256 collo·

492 1349 637 1416 carunt
649 1361 831 1438 operam;
857 1357 939 1410 non
952 1344 1086 1410 tamen
1100 1315 1273 1410 inultum
1289 1360 1357 1414 ars
1373 1336 1462 1412 inde
1477 1313 1667 1436 profecit,
1682 1341 1775 1434 quia
1785 1341 1905 1413 nimis
1920 1359 2082 1438 parcum
2096 1334 2197 1411 fruc·

491 1505 608 1570 tuum
629 1515 843 1569 numerum
861 1491 931 1566 suo
953 1485 1205 1586 subjecerunt
1223 1491 1431 1577 scrutinio,
1455 1502 1526 1567 aut
1539 1469 1632 1587 quia
1652 1504 1791 1593 partes
1814 1494 2089 1569 exhibuerunt
2109 1492 2197 1567 soli·

492 1654 614 1756 tarias
631 1651 670 1725 bc
691 1658 811 1723 extra
825 1667 980 1722 nexum
998 1656 1118 1744 atque
1131 1646 1250 1724 situm
1267 1648 1380 1724 suum
1397 1652 1620 1726 naturalem
1636 1647 1805 1749 politas,
1829 1660 1891 1732 ut,
1918 1671 1994 1724 nec
2007 1613 2128 1732 veri,
2141 1669 2197 1722 ex

481 1799 838 1906 inconipteusistia
858 1800 1244 1890 adumbrationibus,
1270 1808 1359 1882 erui
1379 1803 1526 1904 poffint
1543 1802 1748 1882 fructuum
1769 1801 2040 1889 characteres,
2065 1824 2196 1899 neque

493 1966 612 2038 etiam
631 1960 774 2034 mirum
787 1956 860 2042 sit,
887 1957 995 2053 quod
1012 1960 1053 2033 iu
1072 1959 1175 2036 hanc
1189 1984 1318 2058 usque
1334 1962 1438 2037 diem
1451 1964 1524 2038 vix
1541 1961 1637 2048 alia,
1662 1981 1782 2060 quatu
1801 1962 1990 2058 empirica
2011 1958 2128 2035 detur
2140 1959 2195 2036 se·

492 2117 598 2189 mina
614 2114 874 2209 cognoscendi
892 2117 1015 2199 ratim
1044 2115 1152 2220 qupd
1175 2119 1252 2217 ipsa
1277 2122 1452 2218 partium
1475 2121 1638 2194 nomina
1658 2117 1881 2194 adhucdum
1903 2115 1979 2192 fint
1994 2137 2118 2212 vaga3
2158 2111 2196 2187 dc

493 2271 600 2369 quod
618 2269 864 2364 dogmaticus
883 2267 1085 2347 frustuum
1103 2272 1215 2356 usus,
1239 2273 1531 2352 recentioribus
1552 2272 1821 2373 temporibus,
1846 2272 1914 2347 vel
1932 2271 2050 2370 plane
2074 2268 2196 2345 fuerit

491 2423 717 2523 neglestus,
742 2425 810 2501 vel
824 2424 1115 2502 &contemtus
1139 2424 1221 2501 His
1243 2431 1376 2524 itaque
1389 2433 1489 2506 artis
1498 2426 1716 2508 defestibus
1735 2426 2082 2526 &impedimentis
2095 2446 2195 2520 quo·

491 2580 700 2657 dammodo
718 2581 883 2659 obviam
905 2584 987 2666 ire,
1010 2579 1051 2655 dc
1069 2583 1253 2667 maximi,
1284 2595 1479 2681 quantum
1505 2586 1595 2666 fieri
1617 2587 1785 2684 poterit,
1809 2581 2013 2660 frudluum
2035 2578 2196 2682 numeri

491 2745 667 2810 curatam
685 2743 897 2809 anatomen
915 2759 959 2811 ac
976 2735 1135 2835 plenam
1153 2736 1312 2815 tradere
1325 2740 1545 2834 historiam,
1571 2741 1781 2840 praesentis
1800 2741 1954 2839 operis,
1977 2728 2092 2831 cujus
2112 2734 2194 2835 pri·

493 2911 602 2964 inum
620 2888 830 2972 volumen,
856 2889 905 2963 B.
920 2888 968 2966 L.
984 2889 1073 2966 heic
1085 2892 1294 2991 conspicis,
1320 2899 1463 2976 unicus
1476 2896 1536 2978 est
1552 2896 1719 2996 scopus,
1742 2897 1784 2973 dc
1802 2898 1993 2997 princeps
2005 2887 2100 2967 finis
2118 2890 2195 2982 ille,

486 3053 539 3126 ,ut
552 3040 707 3118 fruitus
728 3046 838 3120 exse
855 3044 956 3144 ipso,
983 3043 1024 3120 dt
1039 3068 1093 3119 ex
1108 3067 1159 3121 eo
1175 3047 1362 3150 deinceps
1380 3061 1507 3132 mater
1524 3053 1676 3152 planta,
1701 3053 1731 3127 fi
1750 3073 1834 3128 non
1852 3054 1890 3128 in
1904 3049 2111 3133 omnibus,
2136 3029 2197 3123 tass

492 3219 585 3273 men
609 3199 649 3274 in
678 3198 865 3297 plurimis
889 3197 1063 3285 casibus,
1102 3202 1246 3280 melius
1276 3226 1395 3300 quam
1417 3208 1584 3284 antehac
1602 3210 1783 3306 cognosci
1809 3204 1936 3304 poffit.
1985 3174 2195 3279 Dividitur

491 3360 624 3426 autem
641 3355 818 3453 praesens
838 3357 917 3430 hoe
935 3344 1126 3448 volumen
1148 3361 1186 3433 in
1209 3358 1307 3436 duas
1326 3372 1487 3461 partes,
1520 3363 1568 3448 ue
1590 3385 1761 3460 quarum
1783 3365 1951 3460 fingula,
1977 3381 2085 3454 nunc
2098 3377 2195 3457 pau·

491 3530 536 3582 ca
556 3512 739 3602 quaedam
759 3523 881 3592 eruut
899 3513 1197 3612 praemonenda.

484 3890 492 3902 ·
588 3836 632 3914 ln
649 3841 779 3936 priori
793 3837 963 3916 scibione
981 3840 1030 3915 de
1043 3838 1364 3936 generalioribus
1379 3841 1515 3922 saltem
1529 3845 1663 3940 agitur
1681 3841 1882 3924 auctuum
1900 3837 2195 3920 affectionibus»

489 3993 718 4068 nominibus
733 3993 950 4070 scilforina
967 3995 1006 4070 dc
1025 3991 1262 4072 differentiis
1282 3999 1473 4093 partium,
1498 4022 1575 4074 nec
1587 4019 1668 4074 non
1689 3999 1737 4076 de
1751 4002 1927 4094 origine,
1951 3977 2195 4074 formatione

488 4148 530 4227 bt
545 4147 801 4244 discrepantia
815 4149 974 4226 seminis
990 4152 1080 4226 ueri
1096 4173 1121 4224 a
1136 4150 1307 4243 gemmis
1323 4148 1645 4246 simplicioribus:
1676 4175 1769 4250 quae
1784 4155 1917 4230 omnia
1937 4153 1986 4228 nd
2000 4146 2193 4248 Carpolo

488 4306 595 4396 giam
614 4322 775 4400 puram,
798 4324 916 4397 quam
934 4305 1053 4380 solam
1078 4307 1119 4377 in
1143 4304 1330 4402 praesenti
1351 4326 1560 4393 curamus,
1592 4306 1768 4408 smilace
1790 4311 2041 4388 videbantur.
2089 4303 2198 4383 Cum

386 4457 390 4476 ‘
490 4459 623 4551 itaque
647 4455 696 4529 de
717 4454 1014 4535 soecundatione
1031 4459 1146 4535 ouuli
1169 4458 1208 4530 in
1231 4455 1377 4556 plantis
1396 4461 1700 4559 perfectioribus
1722 4468 1932 4545 dicendum
1959 4473 2073 4550 erat,
2111 4477 2199 4538 non

489 4613 784 4697 dubitavimus,
824 4615 863 4686 in
890 4613 1211 4689 Koecasursm
1236 4614 1468 4692 sententiam
1495 4629 1670 4717 utroque
1701 4625 1803 4723 pede
1825 4624 2016 4717 transire,
2048 4629 2201 4721 utpote

348 4793 351 4800 ·
489 4765 712 4843 certissimis
730 4772 1019 4868 experimentis
1031 4769 1082 4844 ad
1102 4771 1262 4868 plenam
1273 4791 1404 4864 usque
1419 4771 1660 4853 evictionem
1675 4776 1925 4877 perdul‘iam:
1952 4803 2040 4854 cum
2058 4782 2200 4853 autern

488 4925 537 4999 de
554 4925 780 5023 plantarum
796 4923 1134 5025 imperiedtiorum
1149 4927 1249 5002 sexu
1261 4929 1384 5026 verba
1396 4930 1717 5018 erantfacienda,
1742 4929 1942 5011 Guecrur
1960 4936 2204 5036 opinionem

2109 5109 2200 5163 110ss
