4567 5959
800 535 1123 608 m
1689 545 1816 614 mlx

106 747 146 819 in
168 738 390 843 primordio
415 753 555 817 rerum
576 744 754 838 accensa,
781 745 823 820 in
844 743 1046 824 infinitum
1069 742 1290 841 divisibilis,
1316 746 1365 825 ¹&
1383 748 1426 822 in
1446 769 1568 832 omne
1591 771 1727 830 aevum
1745 756 1814 833 du

105 880 266 955 ratum,
293 867 452 954 residet,
478 891 550 944 cur
572 871 752 965 mquam,
777 873 874 950 viva
897 869 961 948 illu
980 871 1150 965 granula
1173 874 1405 954 medullaria
1420 883 1505 950 tota
1523 876 1670 953 abeunt
1690 882 1729 954 in
1753 882 1811 957 se.

106 999 229 1073 minis
254 1004 389 1095 partes
412 994 643 1078 corticales‚
688 998 840 1070 inertes
862 1005 981 1090 atque
1002 995 1195 1073 caducas?
1234 998 1274 1075 ὃ(
1299 1022 1374 1075 cur
1392 1000 1544 1076 necesse
1565 1002 1641 1090 aa,
1675 1015 1723 1080 ut
1738 1007 1810 1081 ali.

104 1122 215 1196 unde
241 1144 350 1195 nova
371 1118 504 1195 ovulis
530 1119 724 1195 inseratur
743 1119 938 1205 medulla,
964 1120 993 1196 sr
1013 1122 1173 1216 quidem
1194 1144 1369 1216 unquam
1390 1126 1656 1223 producendae
1683 1152 1810 1210 novae
1901 1162 1908 1174 ·

103 1248 212 1345 proli
237 1255 330 1344 apta
369 1245 460 1319 fieri
494 1244 693 1322 debeant?
745 1246 834 1322 Has
863 1245 1146 1346 insuperabiles
1184 1247 1435 1351 difficultates
1466 1251 1699 1332 Hamus
1729 1257 1808 1356 (r)

103 1370 399 1467 quodammodo
420 1373 585 1455 vitavit,
626 1371 786 1465 quando
808 1371 959 1458 statuit,
1010 1374 1112 1449 solas
1140 1373 1330 1450 seminum
1354 1382 1509 1454 tunicas
1540 1388 1726 1482 proprias
1751 1409 1807 1464 ex

102 1500 225 1573 inerti
247 1497 316 1572 ista
339 1495 510 1574 medulla
535 1497 655 1591 fingi,
673 1531 678 1539 ·
694 1499 880 1574 nucleum
898 1522 1035 1582 vero,
1068 1499 1134 1576 seu
1165 1521 1312 1574 novam
1336 1503 1555 1600 plantulam
1582 1514 1807 1607 provenire

102 1645 159 1701 ex
187 1624 338 1721 polline
363 1623 568 1701 antherali.
620 1615 702 1700 Sed
721 1642 774 1698 ne
804 1624 906 1700 hanc
929 1625 1106 1720 quidem,
1123 1625 1236 1700 ovuli
1262 1624 1392 1704 stride
1416 1640 1461 1703 et
1487 1632 1636 1727 absque
1660 1639 1806 1715 nucleo

99 1751 219 1827 sumti
246 1748 408 1845 genesin
431 1748 586 1825 admitti
609 1747 736 1847 posse,
773 1751 867 1828 inde
894 1759 1029 1850 patet:
1074 1748 1184 1845 „quod
1199 1752 1239 1824 in
1261 1775 1309 1826 ea
1333 1756 1463 1829 ovarii
1482 1750 1723 1851 juventute,
1764 1765 1805 1856 in

99 1899 184 1973 qua
207 1878 329 1952 ovula
354 1878 608 1970 gignuntur,
641 1876 797 1949 nullum
820 1876 947 1952 adhuc
970 1876 1079 1951 istius
1101 1876 1284 1951 medullae
1301 1878 1401 1953 adsit
1424 1882 1658 1977 vestigium3
1695 1889 1805 1983 quod

98 2004 225 2080 ovula
241 2003 461 2103 parietalia,
486 2003 525 2073 in
539 1997 841 2077 Cucurbitaceis
861 2003 956 2077 &in
974 1999 1132 2078 Halesia
1153 2002 1372 2099 praesertim
1395 2015 1515 2100 atque
1531 2006 1705 2096 Nemee,
1731 2038 1804 2091 ex·

97 2139 164 2204 tra
190 2129 402 2204 medullam
417 2124 558 2227 postte,
594 2127 798 2205 manifeste
813 2152 869 2203 ex
885 2130 990 2205 uteri
1010 2128 1193 2226 partibus
1219 2131 1471 2212 corticalibus
1494 2137 1732 2232 procedant3
1763 2139 1805 2216 d<

96 2254 207 2349 quod
226 2257 333 2333 iners
348 2256 412 2328 illa
434 2253 616 2337 medulla,
642 2277 716 2328 nec
730 2253 884 2330 baccata
896 2253 1044 2328 semina
1057 2250 1271 2337 Gloriosae,
1295 2277 1370 2332 nec
1383 2260 1676 2342 meniscoideo·
1690 2265 1803 2342 fene.

96 2378 221 2455 strata
242 2376 442 2477 Bradlejae
467 2382 493 2458 s.
516 2376 731 2462 Glochidii‚
770 2400 901 2473 neque
928 2381 1046 2454 etiam
1070 2377 1226 2477 lapideo
1254 2379 1447 2455 asbestina
1472 2380 1635 2460 Camirii
1664 2388 1704 2463 dt
1724 2385 1802 2466 ,Sa-

94 2506 231 2605 pindi,
275 2508 519 2608 producere,
552 2507 650 2587 imo,
682 2526 734 2578 ne
753 2513 884 2602 aptam
910 2504 1071 2598 quidem
1092 2507 1140 2581 iis
1165 2504 1365 2582 struendis
1388 2508 1594 2586 materiem
1618 2512 1801 2607 praebere

95 2642 228 2727 queat
293 2634 403 2710 Hinc
424 2634 588 2708 omnino
610 2626 757 2705 resisus
779 2631 920 2712 ovula,
968 2654 1023 2706 ex
1044 2631 1210 2730 propria
1234 2633 1342 2705 uteri
1361 2630 1568 2708 substantia
1585 2642 1801 2733 prognasci

95 2756 135 2833 ὅ(
162 2766 273 2842 tota,
299 2783 373 2859 per
395 2758 647 2858 epigeneiin,
671 2779 783 2832 nova
806 2756 904 2831 strui
926 2756 1163 2849 censentur,
1192 2777 1316 2851 quum
1336 2755 1415 2855 ipsa
1435 2779 1595 2853 quoque
1622 2763 1798 2842 ocularis

95 2883 302 2984 inspectio,
352 2887 392 2961 in
414 2886 623 2976 Colchico,
662 2882 769 2957 Lilio
796 2882 836 2957 dc
859 2882 967 2968 aliis,
1014 2881 1051 2956 id
1078 2881 1304 2960 luculenter
1329 2882 1571 2960 confirmare
1602 2867 1799 2971 videatur.

94 3014 405 3112 Quamprimum
426 3034 571 3110 nempe
593 3022 751 3093 uterus,
797 3012 836 3082 in
861 3008 942 3083 istis
956 3003 1119 3105 plantis,
1154 3009 1193 3079 in
1214 3005 1280 3080 sua
1300 3006 1564 3082 loculamenta
1577 3015 1718 3107 partiri
1742 3017 1800 3089 in·

93 3143 210 3239 cipit,
249 3147 345 3213 tunc
360 3159 522 3233 quoque
537 3160 592 3210 ex
608 3136 753 3210 horum
769 3135 916 3229 angulo
941 3135 1099 3209 interno
1116 3129 1390 3207 minutiffimas
1411 3134 1599 3229 quasdam
1613 3136 1798 3215 efflores-

94 3288 191 3340 cere
214 3262 402 3340 videmus
425 3259 653 3361 papillulas,
711 3282 803 3355 quae
822 3282 921 3333 mox
942 3258 1116 3333 obesulae
1146 3257 1186 3334 δι
1215 3259 1254 3330 in
1282 3278 1428 3335 conum
1450 3259 1655 3356 fastigiatae
1686 3263 1797 3351 sunt,

94 3393 212 3467 brevi
232 3388 321 3488 post
338 3399 470 3463 autem
503 3409 558 3460 ex
580 3390 690 3485 apice
711 3386 781 3460 suo
805 3387 1011 3462 multoties
1040 3383 1107 3459 fibi
1135 3388 1332 3460 minorem
1355 3386 1560 3479 globulum
1584 3400 1796 3485 promunt,

91 3520 163 3613 qui
189 3513 328 3590 sensim
350 3517 390 3586 in
411 3536 556 3587 verum
576 3513 804 3607 grandescit
824 3513 1012 3596 ovulum,
1054 3509 1149 3584 dum
1170 3522 1310 3585 contra
1330 3512 1517 3610 papillula
1536 3514 1614 3610 ipsa
1635 3516 1674 3587 in
1693 3514 1796 3588 funi·

91 3642 228 3718 culum
246 3637 504 3716 umbilicalem
524 3639 765 3733 gracilescat.
792 3634 859 3713 Sic
879 3639 999 3732 igitur
1014 3640 1235 3730 generatim
1255 3637 1399 3731 liquet:
1429 3635 1536 3731 quod
1559 3661 1612 3711 ex
1636 3642 1795 3728 ovario,

92 3771 288 3867 primum,
313 3767 473 3841 seminis
492 3762 806 3862 receptaculum,
837 3762 877 3838 dt
895 3786 951 3838 ex
969 3764 1047 3837 hoc
1070 3763 1258 3861 deinceps
1279 3759 1444 3837 ovulum
1466 3763 1670 3861 procedat;
1708 3765 1794 3863 spe·

90 3897 226 3969 ciatim
252 3915 375 3969 vero:
419 3891 526 3986 quod
554 3913 611 3965 ex
637 3890 836 3963 connubio
864 3888 1050 3964 vasorum
1081 3888 1281 3987 spiralium
1313 3886 1338 3963 s
1371 3890 1634 3963 nutrientium
1671 3901 1793 3985 atque

89 4021 425 4119 [pennaticorum.
444 4020 573 4115 prima
598 4025 793 4090 texantur
820 4015 983 4090 funiculi
1011 4013 1244 4089 umbilicalis
1265 4010 1507 4118 rudimenta,
1544 4015 1584 4090 dt
1607 4014 1715 4108 quod
1735 4036 1793 4093 ex

90 4142 214 4241 hujus
247 4144 407 4221 demum
440 4143 714 4237 extremitate,
751 4142 793 4215 in
826 4140 1063 4240 sphaerulam
1093 4140 1232 4222 saltem
1255 4137 1422 4233 uexata,
1454 4139 1578 4239 ipsum
1612 4150 1794 4237 emergat

88 4272 274 4346 ovulum.

187 4479 269 4555 His
287 4476 571 4578 simplicissimis
590 4481 828 4575 originibus,
853 4475 1123 4576 simplicissima
1139 4499 1301 4573 quoque
1319 4476 1431 4552 ovuli
1447 4472 1659 4573 respondet
1671 4472 1789 4553 sabri-

88 4629 152 4679 ca:
191 4606 508 4702 quandoquidem
534 4629 654 4682 omne
681 4630 807 4682 ovum
829 4605 1052 4699 vegetabile
1069 4625 1206 4678 merus
1222 4597 1268 4677 sit
1284 4602 1470 4697 globulus
1490 4602 1695 4698 pulposus,
1735 4626 1788 4680 ex

87 4730 282 4805 uniformi
305 4731 344 4807 &
369 4732 617 4825 hornogenea
644 4732 848 4808 substantia
869 4732 1066 4805 conflatus
1085 4737 1204 4824 atque
1219 4733 1293 4805 vix
1315 4724 1552 4802 discernibili
1580 4727 1787 4823 epidermi·

88 4857 136 4931 de
160 4856 341 4935 vestitus.
406 4858 508 4933 Haec
534 4861 574 4933 in
595 4857 861 4937 diverfiffimis
882 4860 1096 4956 generibus
1112 4854 1337 4932 constanter
1354 4851 1690 4936 obtineofabrica,
1711 4877 1786 4930 nec

1656 4978 1784 5054 ullum

131 5083 179 5164 r.)
202 5086 307 5162 Vrget.
329 5081 393 5153 syn
416 5104 445 5167 p.
466 5103 506 5145 m.
528 5087 591 5157 164
