4567 5959
813 521 1119 578 a
1718 515 1808 573 XLV

108 730 161 806 ad
185 728 337 824 lingula
359 728 519 810 ovaria,
562 722 704 819 unguii
729 743 890 819 quoque
908 729 1115 823 pertinent
1137 725 1249 823 styli:
1285 728 1338 801 ita
1353 723 1395 798 in
1415 722 1680 826 Composrtis,
1706 726 1816 805 Per·-

108 857 277 938 sonatis,
310 850 533 948 Siliquolis,
564 848 858 944 Leguminolis,
883 849 1151 947 Myrtoideis,
1175 855 1324 948 absque
1348 858 1589 953 exceptione
1605 857 1810 942 omnibus,

107 993 161 1058 ut
186 991 230 1056 et
255 982 294 1053 in
316 979 501 1077 plurimis
526 974 915 1072 lVlulticapsularibus
937 986 1056 1071 atque
1078 979 1184 1064 aliis,
1228 981 1372 1054 unicus
1393 980 1591 1056 duntaxat
1607 982 1656 1057 ad
1676 971 1810 1076 surgu-¹

109 1110 198 1183 lum
221 1108 403 1182 ovarium
420 1102 527 1178 adest
548 1101 687 1196 stylus.
746 1095 865 1198 Saepe
888 1124 990 1204 vero
1017 1105 1134 1179 etiam
1154 1108 1297 1180 unicus
1330 1107 1493 1181 inservit
1510 1107 1691 1204 pluribus
1711 1132 1811 1184 ova-

111 1237 187 1308 riis
207 1232 341 1305 fimul:
368 1232 466 1303 utin
486 1226 767 1329 Verticillatis,
794 1224 1067 1324 Asperisoliis,
1095 1229 1314 1312 Tricoccis‚
1339 1228 1618 1311 Malvaceis‘et
1639 1235 1736 1319 aliis,
1762 1244 1811 1310 ut

110 1370 248 1433 tamen
271 1351 463 1451 ejusmodi
481 1353 655 1452 ‚fimplex
678 1352 827 1447 stylus,
873 1355 912 1425 in
933 1350 1133 1429 Tricoccis
1165 1355 1204 1429 δι
1230 1352 1449 1434 Malvaceis
1472 1361 1711 1457 praesertim,
1754 1382 1811 1434 ex

110 1485 296 1583 pluribus
321 1481 550 1578 partialibus
575 1477 941 1553 conserruminatus
968 1478 1045 1556 elle
1067 1481 1261 1558 videatur·
1316 1483 1463 1561 Plures
1480 1499 1613 1562 autem
1635 1486 1727 1582 styli
1752 1487 1811 1561 dia

110 1606 259 1692 stinl‘li,
282 1629 365 1682 non
385 1628 478 1678 raro
496 1626 657 1698 quoque
675 1603 724 1677 ad
744 1598 903 1704 unicum
929 1606 1113 1680 ovarium
1132 1612 1410 1704 reperiuntur,
1436 1613 1553 1707 idque
1570 1614 1714 1711 duplici
1730 1638 1812 1688 mo*

111 1732 187 1807 do:
223 1743 293 1805 aut
312 1734 419 1806 enirn
440 1732 622 1806 ovarium
644 1729 701 1806 est
727 1726 972 1802 uniloculare
996 1742 1116 1825 atque
1136 1738 1247 1810 nulla
1272 1738 1390 1812 datur
1410 1740 1515 1812 iuter
1536 1738 1663 1834 stylos
1689 1749 1812 1834 atque

111 1856 377 1934 loculamenta
405 1858 643 1956 proportio:
668 1858 775 1929 utin
799 1853 1115 1932 Graminibus&
1141 1861 1181 1933 in
1209 1863 1334 1938 variis
1358 1861 1598 1948 Alllnaceis,
1630 1863 1811 1959 Lychni-

111 1985 218 2065 deis‚
267 1981 490 2066 Oleraceis3
532 1992 602 2055 aut
628 1979 984 2056 loculamentorum
1018 2005 1211 2060 numerus
1235 1984 1376 2063 exaste
1404 1989 1617 2087 respondet
1645 1990 1700 2064 illi
1728 1988 1812 2085 sty-

110 2110 268 2185 lorum:
301 2121 348 2183 ut
373 2111 410 2181 in
431 2107 563 2202 Pyro,
599 2103 790 2204 Mespila,
823 2106 951 2193 Lino,
983 2107 1108 2194 Cisto,
1142 2108 1349 2197 Castanea,
1375 2116 1582 2208 variisque
1599 2115 1704 2198 aliis,
1729 2114 1813 2209 quia

111 2238 192 2312 bus
210 2234 395 2309 omnibus
413 2233 503 2307 inde
518 2235 690 2330 propior
707 2234 886 2327 quaedam
902 2233 960 2309 est
983 2258 1073 2310 cum
1097 2234 1290 2310 frustibus
1317 2237 1700 2336 multicepsularibus
1725 2237 1811 2313 affi-

91 2364 233 2443 .nitas.
284 2360 329 2435 ln
361 2356 620 2434 numerandis
650 2366 782 2431 cetera
810 2357 950 2452 stylis,
992 2373 1130 2439 curate
1149 2363 1197 2436 ad
1224 2362 1445 2436 eorundem
1473 2361 1577 2436 basin
1602 2364 1811 2461 respicient

111 2487 209 2561 dum
230 2486 305 2578 est,
331 2509 384 2560 ne
401 2485 547 2580 stylum
568 2481 802 2579 simplicem,
826 2482 887 2557 sed
908 2484 1106 2580 profunde
1127 2483 1189 2560 li·
1203 2483 1225 2560 i.
1244 2485 1419 2589 tapidum,
1451 2509 1528 2583 pro
1552 2486 1723 2581 gemello
1742 2498 1813 2561 aut

111 2615 329 2706 trigemino
355 2611 584 2685 habeamus
640 2606 684 2684 Si
708 2618 843 2684 autem
867 2607 996 2705 stylus
1017 2608 1134 2709 plane
1159 2610 1272 2705 defit,
1307 2621 1403 2685 tuuc
1427 2623 1689 2687 numerantur
1717 2610 1812 2707 stig·

113 2749 232 2815 mata.

216 3013 383 3111 Stigmn,
411 3017 468 3094 est
489 3040 568 3093 una
586 3041 640 3093 ex
661 3013 976 3093 constantillimis
999 3012 1168 3090 'externi
1187 3025 1403 3115 apparatus
1424 3020 1584 3096 feminei
1610 3020 1814 3117 partibus,

112 3162 208 3235 quae
228 3163 431 3233 nunquam
456 3143 569 3220 delit.
596 3144 666 3219 nifi
685 3149 723 3218 in
744 3145 891 3244 plantis
904 3142 1141 3240 aphroditiS,
1172 3141 1211 3216 &
1226 3146 1264 3215 in
1287 3143 1388 3228 sola,
1423 3158 1471 3222 ut
1489 3147 1662 3243 quidem‘
1676 3147 1814 3247 perhi-

112 3267 234 3350 bent,
264 3264 463 3363 Agyneia.
515 3266 758 3369 Supremam
782 3270 938 3366 semper
960 3269 1002 3339 in
1025 3269 1166 3341 ovarlo
1185 3280 1299 3345 tenet
1313 3273 1468 3358 locum,
1504 3273 1662 3368 quando
1684 3273 1816 3369 stylus

114 3390 248 3474 deest;
290 3413 381 3465 crim
405 3405 538 3470 autem
569 3397 637 3470 ille
658 3396 780 3483 adest,
824 3407 921 3470 tunc
942 3394 1082 3486 stigma
1104 3389 1195 3489 ejus
1216 3400 1321 3496 capit
1344 3396 1556 3494 fastigium,
1592 3400 1632 3475 δι
1656 3400 1722 3475 vel
1742 3395 1815 3497 ipsa

113 3515 205 3613 ejus
228 3520 326 3614 apici
349 3517 504 3605 insidet,
537 3525 605 3598 vel
627 3525 777 3599 exinde
802 3522 849 3597 ad
872 3519 994 3595 latera
1016 3520 1259 3613 aliquantum
1279 3524 1497 3609 descendit,
1535 3548 1611 3598 nec
1635 3548 1729 3598 raro
1759 3526 1814 3597 ita

114 3668 207 3718 cum
228 3643 333 3739 stylo
355 3648 513 3730 unitur,
537 3658 585 3722 ut
601 3652 674 3724 vix
693 3651 771 3726 rite
790 3649 900 3724 abeo
922 3646 1093 3720 discerni
1115 3647 1243 3745 polilt.
1294 3645 1512 3748 Saepiffime
1525 3660 1658 3724 tamen
1680 3646 1815 3722 distin·

114 3768 177 3844 sla
202 3769 241 3844 &
268 3770 453 3866 peculiari
480 3773 625 3866 gaudet
649 3775 800 3867 figura,
826 3794 917 3867 quae
944 3772 982 3843 in
1018 3775 1162 3866 variis,
1198 3775 1331 3851 varia:
1360 3786 1406 3848 ut
1430 3773 1649 3856 filiformis,
1674 3773 1814 3860 sclava-

115 3907 177 3988 ta,
203 3896 389 3992 capitata,
414 3898 643 3982 orbiculata,
672 3901 838 3997 peltata,
864 3896 1099 3996 petaloides,
1126 3900 1321 3996 plumosa,
1346 3910 1416 3974 aut
1438 3900 1532 3980 alia,
1555 3922 1601 3971 ac
1621 3899 1687 3972 vel
1710 3898 1814 3971 inte·

116 4026 310 4117 gerrima,
344 4021 408 4099 vel
425 4024 566 4109 divisa,
596 4026 663 4100 vel
678 4026 810 4100 lobata
828 4024 897 4101 eu
947 4022 1005 4097 Et
1028 4022 1079 4097 lic
1101 4046 1265 4119 quoque
1286 4018 1375 4117 ejus
1400 4023 1629 4121 superficies
1656 4044 1739 4095 non
1772 4024 1816 4095 in

116 4151 306 4223 omnibus
329 4149 468 4223 eodem
493 4151 673 4228 sehabet
694 4150 832 4224 modo:
869 4172 963 4224 nam
985 4148 1088 4245 saepe
1106 4150 1266 4242 glabra,
1300 4151 1399 4222 alias
1421 4171 1524 4226 vero
1544 4150 1700 4230 striata,
1737 4147 1816 4220 sul-

116 4286 223 4359 cata,
251 4276 412 4368 villosa,
437 4276 668 4361 verrucosa,
693 4275 902 4374 papillosa‚
930 4282 1000 4348 aut
1016 4272 1091 4348 alia
1113 4276 1269 4351 ratione
1289 4276 1457 4350 scabrata
1477 4278 1675 4358 occurrit3
1714 4274 1816 4347 sem·

117 4426 194 4501 per
219 4425 322 4478 vero
344 4398 608 4476 minutissimis
632 4405 744 4499 poris
768 4402 924 4500 pertusa
942 4400 1019 4485 est,
1056 4423 1148 4496 quae
1167 4400 1215 4475 ad
1237 4400 1328 4496 styli
1353 4402 1445 4478 vasa
1464 4403 1619 4474 interna
1642 4398 1816 4490 ducunt,

115 4539 160 4601 et
186 4551 209 4600 a
238 4529 383 4621 qtribus
409 4530 594 4621 genitura
619 4528 793 4603 mascula
819 4528 1060 4603 resorbetur.
1126 4526 1170 4600 ld
1192 4531 1298 4601 enim
1322 4531 1512 4626 princeps
1536 4549 1584 4598 ao
1603 4526 1815 4622 proprium

117 4652 312 4746 stigmatis
327 4651 383 4726 est
411 4653 604 4737 officium,
630 4664 677 4727 ut
698 4654 849 4750 sperma
873 4652 1093 4728 masculum
1113 4676 1140 4726 e
1159 4651 1308 4748 polline
1329 4653 1505 4743 hauriat,
1530 4647 1699 4745 ejusque
1717 4669 1815 4743 pro-

117 4775 293 4871 gressum
311 4775 355 4848 ad
379 4778 540 4851 intimos
560 4780 688 4851 ovarii
709 4777 880 4852 recell'us
906 4785 1165 4875 promoveat:
1195 4788 1239 4851 et
1255 4778 1343 4850 ideo
1367 4798 1528 4870 quoque
1549 4773 1631 4856 est,
1664 4783 1813 4844 utnon

116 4902 245 4977 solum
268 4900 530 4977 foraminibus
555 4903 782 4980 constanter
796 4902 844 4982 fit
861 4902 1088 5003 pertusum,
1115 4902 1180 4978 sed
1199 4905 1316 4978 etiam
1338 4915 1386 4977 ut
1405 4901 1474 4974 sub
1502 4898 1667 4999 pollinis
1684 4905 1814 4967 matu-

1653 5024 1815 5097 ritatem
