4567 5959
819 533 1126 618 ω
1651 584 1829 665 p„

115 790 244 870 quum
276 770 346 852 vel
362 775 403 848 in
426 769 518 872 iplls
546 769 625 848 iliu
648 768 1209 868 minutillimis'Agaricorum
1227 767 1407 865 granulis
1423 767 1627 860 abeodem
1646 768 1824 857 Mrcus·

4 885 6 890 ¹
116 900 573 995 a1o(1.)germinationi
592 898 765 984 traditis,
791 895 966 976 distinete
989 921 1158 975 eernere
1181 899 1316 983 liceat,
1343 895 1451 993 quod
1471 918 1606 975 novus
1629 898 1752 1003 stipes
1767 927 1825 988 ex
1883 971 1886 978 ,

117 1030 309 1122 elongato
323 1026 482 1123 granuli
499 1029 648 1101 cortice
672 1029 841 1126 proprio
858 1029 1031 1111 oriatur,
1056 1047 1187 1120 eoque
1206 1027 1260 1099 ita
1274 1022 1467 1102 vestiatur
1483 1033 1614 1118 totuS,
1639 1037 1687 1103 ut
1705 1034 1827 1114 etiam

118 1155 213 1254 ipsis
235 1151 325 1253 ejus
346 1154 457 1231 villis
486 1149 691 1228 contuitus
709 1153 778 1230 lit:
805 1152 842 1228 id
861 1152 969 1249 quod
990 1153 1080 1228 sane
1103 1174 1355 1247 nequaquam
1376 1151 1466 1226 fieri
1489 1151 1692 1249 potuiliet,
1717 1155 1746 1232 ss
1768 1183 1825 1243 ex

116 1271 239 1379 rupta
255 1277 462 1381 prodiiffet
480 1279 587 1356 testa.
637 1278 718 1358 His
735 1282 856 1376 igitur
877 1284 930 1356 ita
949 1282 988 1356 se
1003 1280 1256 1362 habentibus,
1281 1275 1379 1352 nulli
1392 1276 1636 1364 dubitamus,
1661 1268 1825 1366 omnem

114 1405 278 1503 Fungis
291 1409 432 1484 sexum
456 1407 497 1483 tr·
512 1430 612 1484 vera
632 1408 832 1503 denegare
852 1406 1019 1493 semina3
1043 1407 1169 1484 donec
1193 1404 1351 1501 quidem
1372 1406 1638 1500 granulorum
1662 1408 1825 1492 illorum

114 1531 192 1611 alia
221 1533 414 1610 doceatur
444 1536 560 1628 origo
588 1543 708 1629 atque
735 1534 936 1618 evolutio,
979 1544 1050 1611 aut
1076 1534 1203 1610 donec
1229 1555 1354 1612 ovum
1379 1532 1625 1633 producatur
1659 1556 1827 1628 verum,

115 1660 228 1753 quod
249 1681 358 1738 nova
378 1662 447 1742 sub
475 1659 557 1761 ipso
584 1660 769 1737 incubatu
794 1662 945 1762 ceperit
970 1662 1228 1738 incrementa.

216 1900 380 1981 Licham
399 1902 537 2000 fungis
554 1908 750 2002 proximi,
776 1905 943 2007 perinde
957 1916 1005 1982 ut
1024 1905 1098 1993 illi,
1127 1909 1242 1985 veris
1258 1924 1420 2002 quoque
1437 1906 1654 1986 seminibus
1673 1921 1824 1998 (arent,

112 2024 282 2104 Semina
295 2031 401 2105 enim
415 2053 506 2126 quae
514 2030 776 2111 Mrcnamus
791 2034 866 2126 (a.)
875 2038 934 2111 eis
947 2035 1102 2118 tribuit,
1125 2030 1225 2108 nihil
1241 2032 1347 2110 aliud
1362 2033 1470 2118 lunt,
1496 2058 1615 2129 quam
1630 2035 1824 2133 pulvera,

110 2152 260 2242 lentae,
283 2156 540 2234 scobiibrmes
553 2165 623 2232 aut
635 2154 886 2235 bratteolatae
899 2162 1162 2261 propagines,
1188 2181 1279 2254 quae
1295 2183 1351 2233 ex
1373 2160 1450 2258 ipsa
1468 2160 1692 2242 adultarum
1709 2166 1826 2262 plain

111 2288 251 2355 tarum
268 2282 478 2381 fuperficie
496 2285 715 2383 pullulant,
740 2285 943 2383 &absque
965 2263 1048 2362 ulla
1069 2285 1381 2383 metamorpholi
1401 2288 1443 2362 in
1462 2285 1607 2385 stirpes
1626 2290 1826 2374 tratribus

113 2406 197 2481 fuis
211 2401 427 2486 lim'ilfimas
444 2420 708 2497 micreecunt,
735 2422 783 2488 ut
802 2414 1040 2512 quandoque
1066 2416 1204 2499 etiam,
1232 2412 1326 2489 dum
1345 2409 1475 2490 adhuc
1498 2411 1622 2494 inilia
1643 2413 1825 2504 haerent,

107 2525 196 2627 jam
207 2527 288 2630 jam
310 2535 544 2614 diminutam
567 2538 770 2617 frondium
786 2542 943 2617 suarum
957 2541 1126 2616 formam
1141 2540 1201 2634 (3)
1216 2535 1361 2613 exalia
1376 2539 1682 2637 repraesentent.
1729 2539 1822 2622 Alia

111 2681 221 2737 vero
234 2660 378 2737 harum
391 2664 619 2762 plantarum
630 2668 796 2753 semina,
816 2667 906 2767 post
918 2665 1200 2774 Annssouun
1216 2666 1296 2760 (4),
1312 2664 1657 2759 Henw1orus(5.)
1670 2665 1825 2746 statuite

109 2804 262 2886 nempe
287 2791 455 2884 granula
473 2793 654 2886 quaedam
676 2796 927 2890 nigricantia,
962 2795 1223 2871 scutellorunr
1242 2791 1465 2869 substantiae
1488 2792 1690 2879 immersa,
1713 2792 1754 2870 br
1774 2795 1826 2872 ab

110 2934 160 2986 ea
173 2914 335 2988 tandem
350 2916 491 3015 sponte
504 2919 730 2998 secedentia.
781 2917 861 2997 Sed
876 2943 958 2996 non
976 2920 1163 2996 omnibus
1175 2917 1419 2993 Lichenibus
1433 2915 1521 2992 data
1539 2915 1825 3006 funtl'cuteila3

111 3035 244 3113 multo
263 3042 397 3116 minus
420 3045 554 3121 autem
580 3051 845 3150 reperiuntur
871 3050 909 3121 in
934 3035 1121 3122 omnibus
1144 3043 1316 3120 scutellis
1343 3038 1539 3140 ejusmodi
1563 3044 1754 3137 gannim
1783 3043 1825 3120 dr

112 3163 153 3238 in
168 3166 219 3241 iis
242 3188 426 3264 quoque,
448 3172 517 3246 ubi
541 3182 778 3258 occurrunt,
804 3178 915 3248 omni
925 3183 1116 3274 apparatu
1135 3174 1343 3267 organico,
1369 3173 1434 3245 eui
1450 3168 1729 3264 vel-mascula,
1752 3169 1823 3246 vel

110 3289 303 3370 foeminea
318 3295 440 3369 tribui
465 3297 622 3396 poli'ent
644 3298 791 3382 oiiicia,
823 3299 941 3397 plane
963 3297 1147 3374 destituta
1174 3309 1295 3393 atque
1315 3298 1394 3373 sola
1421 3296 1677 3371 scutellarum
1701 3319 1826 3371 earne

87 3411 239 3493 ‘eInsta
264 3420 373 3506 lunt,
412 3423 519 3498 unde
543 3425 651 3499 suam
681 3447 846 3521 quoque
878 3434 1097 3499 traxerunt
1129 3426 1342 3519 originem,
1401 3420 1511 3499 Satis
1543 3424 1670 3517 igitur
1686 3421 1824 3500 veriiio

111 3547 208 3621 mile
226 3545 302 3633 est,
337 3548 443 3643 quod
474 3549 581 3626 haud
602 3553 728 3646 magis
757 3572 859 3627 vera
885 3550 1053 3637 semina,
1083 3572 1203 3645 quam
1232 3549 1392 3646 quidem
1429 3571 1528 3625 vera
1561 3548 1641 3624 lint
1671 3569 1824 3642 organa

110 3674 314 3760 mascula,
340 3697 417 3774 pro
446 3676 592 3770 quibus
613 3669 708 3751 olim
727 3674 988 3753 Mrcnrmus
1005 3675 1093 3775 (6.)
1112 3678 1201 3751 haec
1224 3676 1301 3774 ipsa
1323 3674 1493 3769 granula
1512 3676 1759 3757 ven·ditavit;
1783 3673 1825 3748 δι

110 3801 294 3896 analogia
316 3797 484 3886 diuitat,
505 3811 553 3877 ut
575 3806 712 3901 potius
732 3803 781 3878 ad
800 3801 999 3901 limplices
1022 3801 1254 3878 referantur
1279 3820 1479 3896 gemmas,
1500 3799 1629 3876 donec
1650 3802 1825 3876 certiore

110 3927 163 4004 de
177 3929 245 4010 iis,
270 3951 326 4001 ex
346 3929 583 4003 evolutione
598 3929 683 4014 sua,
709 3932 1021 4028 comperientur.
1072 3925 1176 4005 Sive
1187 3938 1323 4002 autem
1345 3926 1514 4010 semina,
1542 3925 1632 4003 five
1651 3948 1826 4021 gemmae

111 4054 312 4138 dicantur,
337 4075 590 4152 nequaquam
615 4055 704 4130 sunt
726 4056 950 4132 universale
968 4054 1192 4130 Lichenurn
1208 4053 1509 4152 propagationis
1528 4074 1735 4147 organon,
1757 4052 1825 4129 sed

110 4203 191 4279 pro
213 4180 446 4256 secundario
475 4179 609 4258 saitem
629 4190 828 4280 poterunt
853 4182 1010 4267 haberi,
1048 4203 1173 4275 quum
1209 4180 1444 4277 primarium
1480 4189 1601 4275 atque
1636 4179 1828 4254 omnibus

111 4328 354 4392 commune,
378 4308 471 4406 ipsae
500 4305 577 4382 illae
595 4305 846 4407 Propagines
875 4308 968 4392 lint,
1001 4301 1111 4403 quae,
1144 4309 1193 4383 ut
1220 4305 1338 4405 supra
1363 4300 1531 4391 diuum,
1565 4327 1622 4381 ex
1642 4308 1826 4381 amulum

109 4432 345 4531 superficie,
370 4431 640 4534 copiofiffimae
659 4433 855 4534 pullulare
877 4435 1019 4513 solent.
1679 4529 1719 4608 c
1788 4535 1804 4608 I

1717 4557 1788 4608 ora.
1803 4579 1826 4596 -

156 4689 206 4770 a)
228 4682 249 4745 i
272 4706 297 4748 c.
320 4699 341 4748 t.
364 4701 411 4766 73.
430 4700 493 4749 w·
516 4705 546 4769 7,
574 4700 601 4760 8.
628 4685 767 4768 ΗΜ.
789 4693 819 4752 6.
841 4702 950 4768 nne
1027 4691 1076 4771 4)
1098 4691 1180 4752 Fam.
1203 4680 1296 4770 piant.
1319 4703 1347 4748 a.
1369 4703 1400 4770 p.
1422 4688 1451 4748 6.
1473 4699 1504 4764 τ.

213 4777 244 4838 5·
264 4788 298 4851 7·
939 4805 946 4818 ’
1025 4832 1076 4914 5.)
1098 4831 1270 4892 comment.
1292 4823 1360 4911 Ilpa.
1381 4821 1452 4888 Vol.
1474 4827 1610 4890 XXVIII.

16 5027 22 5040 .
1029 4972 1065 5051 6)
1089 4974 1165 5032 Gen.
1179 4989 1250 5032 nou
1271 4982 1293 5031 t
1314 4964 1402 5041 3625ss
1427 4970 1458 5033 Β.
1487 4970 1559 5031 G..t
1581 4963 1667 5042 52,ss
1680 4969 1825 5031 ΒΑΜ..

155 5060 207 5141 3.)
229 5061 384 5123 Mrem.
406 5079 449 5135 ῃ.
471 5057 494 5123 f.
516 5061 616 5136 Qu,
1085 5061 1198 5121 Lanu.
1218 5053 1239 5118 l.
1262 5076 1294 5117 o.

155 4916 205 4997 a.)
227 4919 305 4982 Gen.
318 4937 390 4979 nov.
404 4930 425 4979 t.
439 4933 489 5000 74
525 4918 633 4986 Lrun.
646 4938 713 4999 gen.
726 4914 820 5016 pient
833 4937 918 4990 laea,
