4567 5959
828 567 1135 622 a
1740 561 1833 618 cvu

125 770 320 848 ficiunt&
345 770 512 868 spatium
544 771 716 845 liberum
755 793 834 870 pro
854 770 1035 847 ilosculis
1061 773 1244 871 pluribus
1269 771 1470 847 sutilibus
1489 770 1748 870 relinquunt:
1788 778 1829 848 in

6 905 16 942 ³
126 898 268 975 Evace.
294 902 356 974 2⁰.
379 921 469 971 cum
486 899 623 974 radius
644 899 778 974 saltem
797 898 922 996 paleis
941 895 1167 983 contestas,
1207 899 1333 974 discus
1359 922 1461 974 vero
1485 901 1566 975 late
1587 899 1721 976 nudes
1749 899 1827 977 cst:

126 1031 167 1100 in
190 1023 384 1100 Anaxeto
416 1030 469 1115 30.
501 1048 590 1100 cum
611 1028 651 1099 in
672 1026 887 1124 peculiaria
909 1024 1150 1101 involucella
1175 1028 1279 1099 circa
1302 1046 1429 1099 unum
1461 1035 1530 1099 aut
1548 1027 1666 1125 plura
1687 1029 1828 1101 ovaria

6 1167 8 1176 ’
127 1153 413 1251 disponuntur,
466 1159 587 1246 atque
618 1155 673 1227 ita
706 1152 1000 1250 receptaculum
1031 1175 1244 1228 commune
1281 1154 1320 1224 in
1348 1154 1466 1250 plura
1491 1150 1720 1252 Receptacula
1738 1176 1827 1250 par·

127 1275 225 1353 liclia
249 1277 499 1376 dispescitur:
526 1280 565 1351 in
592 1277 831 1378 Echinopo,
862 1278 1167 1379 Elephantopo,
1204 1278 1395 1371 Oederia,
1434 1275 1599 1374 Stoebe,
1628 1277 1828 1373 Filagine,

125 1404 350 1498 &denique
370 1409 431 1494 4⁰.
446 1404 603 1498 quando
619 1405 737 1505 ipsam
759 1408 999 1506 receptaculi
1017 1409 1240 1482 communis
1252 1405 1501 1483 substantiam
1522 1407 1600 1481 alte
1616 1413 1830 1504 penetrant

125 1531 164 1606 dc
178 1534 219 1606 in
237 1533 374 1607 varios
392 1532 507 1607 lobos
524 1533 725 1611 dividunt:
751 1539 853 1612 utin
874 1533 1081 1614 Gundelia.

221 1740 372 1818 Similis
392 1717 634 1820 modificatio
649 1748 887 1843 receptaculi
902 1747 1144 1830 communis,
1170 1749 1212 1820 in
1231 1746 1319 1819 aliis
1340 1766 1502 1841 quoque
1525 1744 1673 1842 plantis
1692 1743 1828 1817 locum

120 1871 258 1945 habet:
287 1879 334 1944 ut
354 1872 395 1944 in
411 1871 630 1970 DipsaceiS,
656 1875 697 1946 in
721 1871 925 1968 Eryngio,
951 1872 1134 1957 Platane,
1168 1871 1463 1971 Cephalantho,
1490 1871 1664 1956 Brunia,
1698 1869 1829 1965 Sagit-

119 1994 271 2071 taria&
286 1996 373 2071 aliis
383 1999 541 2090 multis,
567 2009 686 2093 atque
699 1998 965 2096 paucasaltem
975 2001 1136 2084 dantur,
1163 1997 1492 2093 quorumsabrica
1503 2020 1585 2072 non
1602 1999 1648 2072 ad
1658 2000 1829 2093 aliquam

120 2146 177 2197 ex
190 2119 383 2198 hactenus
397 2121 508 2199 distis
520 2124 663 2199 referri
673 2122 802 2223 pollit,
817 2125 876 2200 Ita
889 2150 1033 2225 nempe
1043 2127 1237 2224 discrepat
1248 2121 1829 2223 receptaculumLiquidamba·

119 2250 197 2333 ris,
225 2250 331 2344 quod
343 2249 402 2326 est
417 2247 559 2343 globus
575 2251 766 2346 fungosus
780 2251 819 2327 ὅ(
831 2252 1030 2351 profunde
1051 2250 1293 2344 alveolatus,
1321 2255 1360 2323 in
1376 2245 1489 2345 cujus
1507 2250 1658 2344 fingula
1669 2231 1829 2333 cellula,

119 2380 279 2470 gemina
296 2377 603 2474 capsulahaeret3
630 2379 670 2450 in
685 2377 946 2478 Opercularia
956 2390 1102 2464 autem,
1128 2374 1422 2476 receptaculum
1438 2377 1594 2452 inverse
1602 2374 1828 2475 pyramida-

4 2553 19 2600 s·
120 2513 228 2588 tum,
255 2503 432 2577 inaudito
454 2509 664 2605 exemplo,
690 2508 795 2580 inter
810 2505 935 2581 ilores
962 2515 1081 2601 atque
1101 2508 1262 2589 ovaria,
1293 2502 1424 2577 medio
1446 2502 1535 2578 loco
1556 2501 1727 2602 positum
1748 2500 1829 2586 est;

122 2627 229 2703 &ita
244 2634 363 2705 etiam
387 2655 411 2705 a
431 2633 618 2707 consueta
633 2632 764 2708 forma
779 2635 931 2709 recedit
948 2632 1242 2731 receptaculum
1257 2631 1446 2741 illisorme
1460 2629 1499 2704 ὅ(
1515 2630 1696 2715 bifidum,
1720 2626 1829 2724 quod
1869 2623 1871 2632 '

8 2843 12 2848 Ι
127 2755 228 2828 inter
250 2759 430 2851 geminas
450 2759 625 2857 capsulas
649 2760 847 2855 Knoxiae,
872 2758 1063 2837 Naucleaa
1081 2760 1123 2834 &
1146 2757 1315 2844 Aceris,
1347 2778 1422 2832 nec
1448 2778 1532 2832 non
1559 2759 1664 2831 inter
1694 2756 1829 2828 omnia

130 2879 209 2956 sere
228 2882 577 2960 Umbelliserarum
593 2886 757 2971 semina,
780 2889 819 2960 in
844 2888 924 2986 ipso
940 2888 1086 2962 horum
1101 2881 1305 2960 fructuum
1319 2887 1387 2958 axi
1401 2885 1637 2958 collocatum
1653 2881 1721 2958 est.
1746 2880 1828 2954 Re·

130 3005 250 3101 liquas
268 3012 437 3087 minoris
453 3015 647 3088 momenti
671 3014 968 3113 discrepantias,
994 3016 1036 3088 in
1058 3010 1266 3086 nonnullis
1286 3003 1480 3087 fructibus
1499 3013 1740 3086 amentaceis
1760 3008 1829 3083 ob-

130 3133 230 3218 vias,
255 3140 399 3213 merito
421 3137 590 3219 filemus.

218 3351 481 3451 Receptacasam
489 3352 658 3453 seminis,
684 3377 767 3430 non
781 3356 980 3432 diversum
996 3355 1201 3437 censetur,
1229 3355 1269 3428 in
1289 3351 1503 3429 semimlaus
1526 3354 1664 3438 nudis,
1689 3351 1828 3426 abillo

127 3474 275 3553 fruetus
301 3479 440 3577 ipsius,
467 3484 527 3554 uti
549 3507 606 3556 ex
628 3479 821 3557 hactenus
848 3479 961 3558 distis
986 3482 1127 3579 sponte
1158 3481 1405 3575 intelligitur.
1454 3476 1534 3554 Sed
1557 3477 1650 3554 testi
1670 3479 1829 3554 seminis

130 3607 446 3702 receptaculum,
476 3607 633 3707 semper
656 3611 761 3682 intra
778 3611 1042 3707 pericarpium
1060 3606 1206 3698 haeret,
1226 3601 1266 3678 δ’(
1281 3605 1348 3682 vel
1368 3603 1484 3703 plura
1496 3606 1564 3681 fibi
1579 3605 1700 3679 affixa
1721 3604 1829 3696 gerit

126 3727 286 3804 semina:
305 3733 414 3807 unde
431 3731 576 3808 dicitur
599 3759 788 3821 consanum
814 3734 880 3813 vel
901 3732 1065 3828 singulis
1082 3741 1238 3806 tantum
1253 3732 1441 3831 prospicit
1461 3732 1693 3807 seminibus:
1717 3728 1825 3803 unde

120 3861 299 3955 proprium
320 3859 555 3959 appellatur.

218 4067 444 4148 Commune
465 4071 624 4147 seminis
639 4071 954 4169 receptaculum,
979 4074 1201 4166 generatim
1220 4073 1408 4166 quaelibet
1424 4071 1538 4164 regio
1551 4069 1708 4143 interna
1717 4070 1824 4168 peri-

127 4199 242 4292 carpsi
259 4199 401 4272 dicitur
421 4201 484 4272 cui
499 4220 583 4272 arno
601 4198 717 4297 plura
738 4197 947 4272 adhaerent
965 4199 1131 4275 semina:
1160 4199 1356 4295 speciatim
1381 4220 1509 4291 vero,
1545 4216 1693 4295 corpus
1724 4194 1826 4270 esta

126 4326 282 4420 propria
297 4321 453 4399 fruitus
470 4347 662 4423 compage
677 4320 897 4400 distinctum
912 4324 952 4400 ὃ(
969 4329 1073 4400 intra
1083 4325 1348 4400 loculamenta
1362 4323 1615 4423 protensum,
1640 4322 1746 4417 quod
1759 4321 1827 4397 sua
1871 4312 1875 4320 ’

125 4448 390 4536 consistentia,
417 4450 639 4548 superficie,
665 4473 779 4526 nexu
802 4461 921 4547 atque
942 4452 1035 4547 situ,
1061 4456 1174 4528 varie
1203 4448 1361 4536 differt,
1388 4460 1430 4524 et
1457 4445 1572 4545 cujus
1597 4453 1755 4534 notitia,
1785 4453 1826 4522 in

126 4569 319 4650 fructuum
334 4576 618 4672 disquisitione,
643 4583 775 4673 magni
797 4580 900 4677 saepe
920 4582 1114 4655 momenti
1133 4580 1208 4663 est,
1233 4601 1356 4675 quum
1381 4579 1484 4652 bene
1506 4576 1621 4652 multi
1646 4572 1825 4660 fruitus,

127 4711 254 4777 cetera
278 4707 383 4778 inter
401 4704 440 4778 se
459 4702 662 4789 simillimi,
697 4730 753 4780 ex
773 4707 856 4781 solo
884 4706 1042 4790 lbninis
1070 4707 1341 4805 receptaculo,
1370 4704 1552 4779 facillime
1577 4702 1626 4776 ab
1653 4703 1824 4776 invicem

126 4823 290 4942 discerni
309 4839 483 4925 queant:
508 4840 555 4905 ut
569 4830 807 4908 Melastoma
821 4833 868 4907 ab
890 4832 1108 4919 Osbeckia,
1133 4832 1292 4933 Juffiaea
1310 4858 1334 4910 a
1351 4830 1591 4928 Lucania,
1616 4825 1824 4925 Alpinia'a

125 4947 348 5049 Zingibere,
374 4967 417 5032 et
441 4961 495 5031 ita
516 4958 688 5056 plurima
706 4960 834 5036 adhuc
852 4960 928 5035 alia
946 4982 1105 5055 genera.

950 5170 976 5217 o
1002 5162 1024 5217 a
1601 5134 1826 5213 Consisten·
