4567 5959
498 536 568 594 au
1197 513 1512 550 ’““““““““““

499 724 702 813 viderint,
743 726 813 802 vel
837 743 892 799 ex
914 735 1032 800 'mera
1049 725 1206 818 gemma
1228 723 1466 824 completam
1489 723 1703 824 prognasci
1734 717 1842 821 polle
1867 721 2053 819 plantam.
2115 718 2178 800 Sed

501 876 552 931 eo
582 853 681 952 ipso,
734 851 839 946 quod
868 871 1090 944 egemma,
1130 847 1337 945 nunquam
1364 870 1466 926 vero
1495 853 1528 926 e‘
1545 851 1730 945 virgineo
1768 847 1894 922 ovulo
1929 846 2064 945 planta
2090 853 2179 925 nasci

502 989 639 1073 queat3
665 978 779 1054 facile
803 976 1056 1072 intelligitur,
1081 976 1189 1071 quod
1210 975 1313 1049 alius
1326 994 1516 1069 gemmae,
1541 974 1581 1049 δι
1596 976 1698 1050 alius
1717 973 1953 1070 embryonis
1971 971 2105 1049 debeat
2118 973 2179 1051 elie

494 1101 628 1182 ortus.
680 1102 811 1179 Totus
830 1113 965 1177 autem
986 1101 1095 1177 iltius
1118 1097 1389 1201 hypotheseos
1409 1099 1527 1175 cardo
1548 1101 1732 1175 versatur
1752 1102 1793 1174 in
1817 1084 2097 1197 praeexistente
2112 1125 2179 1176 em·

499 1230 669 1327 bryouis
690 1229 836 1313 sorum,
864 1248 955 1321 quae
976 1230 1102 1319 gratis
1117 1225 1280 1301 assumta
1298 1225 1336 1300 δι
1355 1228 1501 1301 rationi
1520 1226 1623 1301 haud
1646 1229 1779 1302 miuus
1799 1248 1917 1320 quam
1939 1229 2179 1323 experientia

499 1359 702 1432 contraria
717 1356 785 1430 est.
834 1351 993 1449 Nempe
1016 1354 1159 1426 rationi
1184 1363 1398 1449 repugnat,
1422 1353 1652 1427 immensum
1673 1353 1786 1427 illum
1800 1362 1843 1426 et
1860 1353 1898 1424 in
1918 1353 2051 1426 onmia
2064 1351 2178 1426 futura

497 1480 639 1557 saecula
661 1481 895 1557 destinatum
915 1474 1187 1574 embryonum
1208 1478 1456 1563 thesaurum,
1483 1481 1552 1552 uni
1572 1480 1782 1575 primaevae
1804 1477 1952 1574 plantae
1972 1475 2082 1550 fuisse
2101 1500 2177 1552 con·

497 1608 719 1692 creditum,
745 1627 837 1700 quae
860 1613 940 1677 tam
965 1601 1078 1675 sacile
1098 1599 1282 1700 potuisset
1299 1602 1385 1677 casu
1408 1605 1568 1703 perire,
1593 1613 1663 1676 aut
1678 1624 1770 1697 quae
1789 1611 1985 1701 perpetuo
2009 1603 2177 1677 miraculo

498 1733 688 1810 'debuisset
709 1741 849 1806 contra
872 1726 1062 1803 sinistram
1091 1727 1294 1802 fortunam
1320 1732 1464 1814 tutari3
1490 1739 1709 1828 repugnat,
1736 1750 1947 1803 numerum
1971 1730 2177 1821 germinum

498 1862 557 1935 a'd·
575 1860 851 1936 evolutionem
882 1856 1212 1955 pertingentium,
1262 1852 1554 1953 incomparabili
1581 1853 1747 1954 prorsus
1775 1855 1930 1929 ratione
1967 1853 2177 1952 superarit

499 1979 669 2061 numero
685 1982 1004 2059 frustraneorum
1024 1981 1063 2056 δι
1085 1980 1277 2055 inutiliter
1297 1982 1573 2079 pereuntium
1598 1979 1638 2055 δι
1654 1979 1844 2074 denique,
1871 1988 2087 2077 repugnat,
2112 2001 2176 2052 ma·

499 2115 640 2187 teriem
662 2113 699 2185 in
724 2121 933 2192 concreto,
973 2118 1083 2183 certe
1104 2105 1384 2200 organisatam,
1418 2103 1542 2205 polle,
1575 2103 1694 2182 salvis
1707 2106 1925 2199 organismi
1947 2108 2109 2199 energia
2131 2114 2175 2179 at·

498 2261 576 2334 que
600 2234 780 2319 modulo,
807 2231 927 2308 dividi
949 2242 1018 2306 aut
1037 2234 1075 2306 in
1094 2233 1259 2330 spatium
1281 2219 1436 2308 infinite
1456 2253 1626 2330 parvum
1649 2231 1801 2326 redigi:
1827 2227 1897 2307 etii
1920 2232 2028 2304 enim
2043 2254 2107 2306 ex.
2131 2252 2176 2326 gr.

404 2339 406 2342 ⁵
496 2361 686 2437 circulum
713 2384 803 2436 cum
828 2361 1019 2433 trecentis
1041 2357 1246 2450 sexaginta
1267 2358 1454 2454 gradibus
1482 2361 1586 2431 intra
1613 2355 1885 2456 pulvisculum
1905 2355 2074 2431 solarem
2092 2358 2176 2451 cogi·

495 2499 583 2564 tare
612 2490 706 2564 licet
735 2487 978 2583 descriptum
990 2507 1007 2567 -3
1048 2482 1153 2557 haud
1184 2494 1317 2561 tamen
1346 2487 1557 2580 quisquam
1590 2485 1830 2577 cogitaverit
1853 2483 2110 2578 horologium
2140 2482 2176 2556 ad

495 2615 659 2691 eandem
690 2615 897 2689 minutiem
922 2605 1135 2683 redastum.
1186 2609 1400 2706 Quomodo
1429 2609 1552 2705 igitur
1575 2610 1731 2686 arboris
1757 2619 1945 2694 truncus,
1979 2613 2098 2695 rami,
2128 2608 2175 2683 fo·

493 2742 567 2834 lia,
592 2740 716 2817 flores
740 2739 811 2814 &o
836 2734 1192 2835 intrapunsiulum
1217 2735 1428 2820 invisrbile,
1459 2735 1722 2832 &quomodo
1746 2737 2008 2821 haecomnia,
2042 2762 2095 2811 ex
2115 2748 2176 2811 ma·

492 2855 595 2943 terie
615 2867 695 2966 ipso
719 2865 871 2940 aethere
897 2864 1084 2941 tenuiore
1103 2858 1249 2937 strusta
1275 2861 1316 2938 δι
1337 2871 1469 2937 tamen
1494 2865 1531 2936 iu
1555 2861 1680 2937 multa
1710 2863 1849 2938 saecula
1872 2861 2065 2938 durabilia
2086 2864 2174 2956 cogi·

385 3013 389 3020 ’
493 2994 570 3069 tari
590 3001 800 3090 poterunt,
826 2989 855 3063 ll
877 2995 930 3066 n'e
948 2987 1118 3087 ssmplex
1147 2987 1307 3083 quidem
1328 2989 1536 3064 vasculum
1559 3012 1614 3062 ex
1637 3012 1739 3084 aqua
1760 2998 1830 3064 aut
1847 2996 1937 3063 ae're
1959 2986 2176 3071 conflatum,

494 3129 627 3194 mente
651 3115 769 3216 possit
790 3115 969 3191 durabile
990 3125 1032 3188 et
1051 3111 1188 3188 ufibus
1209 3123 1355 3213 aptum·
1371 3117 1536 3214 concipi.
1586 3112 1665 3189 Sed
1689 3117 1891 3211 inquiunt,
1929 3115 2019 3189 haec
2043 3115 2174 3196 omnia,

493 3244 680 3338 quamvis
713 3237 1145 3341 incomprehensibilia,
1189 3247 1323 3314 tamen
1350 3239 1402 3313 ita
1428 3240 1467 3316 se
1494 3238 1708 3315 necessario
1732 3242 1899 3325 habere,
1942 3239 2038 3336 quia
2065 3241 2174 3316 nmlto

493 3371 619 3463 inagis
638 3367 685 3443 sat
703 3364 1124 3464 incomprehensibile,
1154 3365 1260 3460 quod
1285 3367 1498 3450 materies,
1523 3366 1635 3439 nullo
1658 3367 1824 3464 praefide
1842 3364 2059 3453 intellet‘tu,
2083 3366 2175 3441 nulla

492 3494 686 3588 dirigente
709 3494 911 3591 sapientia,
947 3491 1060 3565 exse
1088 3490 1165 3588 ipsa
1189 3511 1339 3585 organa
1358 3491 1513 3566 struere
1539 3491 1678 3590 posiit,
1719 3495 1904 3568 omnibus
1928 3495 2175 3593 praesentibus

489 3620 529 3695 δι
555 3620 703 3694 futuris
728 3617 881 3702 ufibus‚
907 3618 1002 3711 quin
1028 3616 1095 3689 vel
1118 3616 1354 3714 impraevisrs
1374 3616 1611 3693 &fortuitis
1637 3615 1786 3693 cafibus
1809 3619 2106 3718 prudentiffime
2121 3614 2174 3692 ad·

489 3756 631 3843 aptata.
678 3743 855 3835 Verum,
894 3744 961 3835 qui
986 3739 1075 3815 talia
1097 3740 1331 3839 proferunt,
1369 3742 1472 3818 haud
1497 3741 1712 3818 meminisse
1736 3744 1925 3820 videntur
1951 3749 2063 3822 tritae
2088 3745 2174 3818 illius

485 3860 752 3945 'distinttiouis
789 3871 894 3940 inter
922 3862 1171 3962 subjet‘tivam
1199 3866 1238 3942 ὃ(
1270 3863 1506 3963 objedlivam
1537 3869 1773 3967 sapientiam.
1838 3867 1930 3945 Non
1961 3876 2069 3947 enim
2100 3871 2173 3945 ideo

489 4009 694 4091 geometra
709 3995 775 4070 'est
796 3992 918 4091 Apis,
944 3995 1034 4086 quia
1055 3992 1220 4066 cellulas
1249 3992 1366 4067 struit
1387 3995 1424 4065 in
1452 3992 1798 4067 commodillimam
1821 3993 1861 4069 δι
1886 4000 2113 4091 regularem
2135 3994 2172 4070 fi·

489 4145 627 4216 guram
651 4121 899 4213 hexagonum
924 4117 1137 4200 formatam
1179 4140 1260 4190 non
1285 4118 1481 4193 astrorum
1506 4119 1545 4193 &
1574 4120 1666 4191 armi
1697 4119 2003 4197 vicissitudinum
2036 4139 2171 4217 gnarus

489 4247 588 4323 Mus
613 4247 799 4342 agrestis,
847 4246 937 4339 quia
961 4243 1026 4318 sibi
1045 4267 1203 4316 annona
1220 4247 1258 4317 iu
1280 4244 1467 4338 hyemem
1490 4244 1694 4341 prospicit3
1720 4268 1793 4322 uec
1825 4244 1861 4320 F
1866 4249 1950 4323 iber
1972 4249 2172 4325 tectonicas

488 4376 527 4458 δι
554 4371 840 4471 hydr-ostaticas
860 4370 977 4443 callet
998 4371 1132 4463 leges,
1177 4371 1363 4462 quoniam
1389 4367 1592 4465 stupendis
1613 4372 1828 4464 aggeribus
1855 4371 2067 4451 fluminum
2098 4397 2171 4449 cur·

488 4501 568 4576 sum
593 4498 783 4597 impedire
810 4499 915 4572 etin
941 4494 1031 4568 siros
1053 4493 1149 4568 usus
1174 4494 1346 4588 dirigere
1374 4497 1516 4570 noscit.
1587 4494 1831 4572 Admiranda
1857 4498 2016 4593 quidem
2043 4526 2094 4576 ex
2120 4500 2170 4572 his

487 4626 671 4700 omnibus
690 4624 876 4699 elucescit
896 4619 1101 4717 supientia,
1126 4627 1168 4691 at
1188 4641 1270 4691 non
1286 4612 1511 4715 subjettiva,
1541 4644 1623 4695 non
1643 4635 1941 4708 creaturarum,
1975 4626 2042 4700 sed
2067 4624 2170 4724 ipfins

486 4749 712 4846 Creatori3‚
753 4751 886 4824 onmia
909 4742 1252 4844 praedispouentis.
1303 4743 1349 4819 Si
1367 4754 1499 4821 autem
1528 4746 1739 4821 brutorum
1767 4752 1973 4837 animulae,
2007 4763 2055 4826 ut
2075 4750 2170 4826 vide·

486 4899 594 4964 mus,
640 4876 804 4954 definito
831 4872 951 4948 imbui
980 4879 1204 4972 potuerunt
1234 4867 1436 4957 instinttu,
1492 4882 1536 4968 ut
1563 4896 1686 4972 opera
1710 4876 1942 4974 perficiant,
1988 4900 2083 4973 quae
2104 4872 2170 4973 ipsa

2066 5015 2169 5074 mens
