4567 5959
482 552 580 606 LXII
1190 557 1491 582 ⁸⁸⁸¹·-

1191 589 1492 606 *nu—..nu—

483 765 714 862 supernatet
731 764 850 851 atque
870 755 1023 832 nullum
1047 761 1209 856 penitus
1234 773 1386 832 nexum
1410 778 1540 849 neque
1566 779 1654 831 cum
1680 757 1808 831 ovulo
1827 756 1920 848 suo,
1946 773 2076 851 neque
2100 779 2177 831 cum

484 899 614 966 matre
640 884 771 992 planta
798 883 951 963 habeat.
1001 885 1109 959 Hinc
1131 907 1251 958 omne
1282 886 1571 958 nutrimentum
1598 883 1709 957 suum
1735 907 1758 956 a
1783 883 1864 958 solo
1892 885 2032 982 accipit
2054 881 2178 956 Amnii

483 1019 669 1111 liquore,
697 1016 737 1084 in
756 1032 896 1102 quem,
923 1012 1151 1093 crescendo,
1177 1009 1311 1084 dedic
1337 1012 1374 1081 in
1397 1010 1499 1083 diem
1528 1011 1648 1084 altius
1676 1012 1950 1104 immergitur;
1987 1031 2035 1082 ea
2059 1017 2177 1082 tamen

478 1139 678 1218 'constanti
701 1136 811 1228 lege,
843 1144 891 1209 ut
916 1159 1008 1235 pars
1042 1138 1302 1232 ernbryonis,
1328 1157 1420 1229 quae
1445 1135 1539 1210 olim
1568 1139 1608 1208 in
1640 1136 1854 1210 radiculam
1880 1135 2017 1217 abibit,
2051 1134 2177 1208 versus

485 1266 773 1369 peripheriam,
799 1262 924 1336 altera
946 1287 1075 1347 vero,
1106 1262 1213 1337 unde
1235 1262 1330 1335 folia
1353 1261 1589 1359 prodibunt,
1616 1262 1759 1337 versus
1786 1263 1978 1335 interiora
2001 1260 2110 1334 ovuli
2135 1258 2177 1331 di-

486 1390 596 1468 retta
612 1389 670 1466 stt.
723 1387 827 1461 Haec
852 1391 1020 1462 interior
1042 1410 1136 1486 pars
1156 1399 1200 1462 ut
1216 1389 1432 1486 plurimum
1447 1386 1610 1461 crassior
1622 1387 1698 1472 est,
1724 1389 1764 1463 bt
1785 1398 1967 1470 mature,
1994 1389 2033 1459 in
2050 1385 2177 1484 pleris-

489 1542 569 1616 que
590 1515 821 1599 seminibus,
848 1517 888 1586 in
914 1512 1069 1589 lobulos
1091 1514 1276 1598 dehiscit,
1301 1515 1368 1608 qui
1397 1512 1698 1610 Cotyledonum
1730 1517 1893 1588 nomine
1919 1515 2108 1593 veniunt,
2131 1519 2178 1582 at·

487 1667 567 1742 que
585 1645 773 1742 princeps
792 1641 881 1714 sunt
904 1642 1140 1736 embryonis
1161 1641 1318 1714 officina
1336 1643 1645 1715 nutrimentitia:
1671 1642 1824 1715 obortis
1855 1640 1961 1714 enim
1987 1637 2103 1712 semel
2120 1659 2175 1707 co·

487 1770 765 1870 tyledonibns,
792 1789 883 1862 quae
901 1769 942 1840 in
961 1766 1171 1841 novissimo
1190 1766 1413 1860 ernbryone
1437 1767 1701 1865 utplurimum
1726 1769 1954 1842 divaricatae
1968 1767 2048 1856 (ι.)
2066 1760 2103 1835 δι
2122 1783 2177 1858 pa-

486 1894 712 1976 tentiffimae
726 1894 832 1979 sunt,
858 1892 985 1970 statim
1000 1914 1162 1987 quoque
1181 1894 1259 1992 ipse
1278 1892 1471 1968 celeriora
1489 1897 1591 1992 capit
1607 1896 1869 1977 incrementa3
1895 1889 2075 1965 Chorion
2090 1908 2178 1962 veto

489 2026 607 2100 brevi
623 2020 866 2096 exhauritur
891 2028 1040 2102 totum,
1065 2018 1104 2093 &
1129 2019 1304 2096 Amnius
1330 2023 1576 2093 imminuitur
1594 2031 1663 2093 aut
1688 2020 1861 2104 deletur,
1886 2018 1926 2092 bt
1952 2040 2061 2091 nova
2083 2016 2178 2113 plan·

488 2150 589 2232 tuln,
617 2150 722 2220 intra
736 2148 805 2222 ovi
820 2165 1020 2229 carceres,
1046 2145 1182 2220 sensim
1201 2149 1238 2220 in
1253 2142 1396 2242 justam
1410 2147 1518 2222 suam
1534 2150 1681 2240 migrat
1694 2145 1883 2228 sormam,
1909 2154 2029 2237 atque
2047 2143 2096 2217 lic
2109 2149 2179 2216 tota

489 2275 647 2352 seminis
671 2276 760 2349 veri
782 2274 1004 2376 integratur
1027 2270 1185 2352 fabrica.

588 2487 691 2562 Haec
709 2484 798 2557 sunt
816 2483 1018 2581 praecipua
1041 2482 1328 2580 phaenomena,
1354 2505 1446 2577 quae
1470 2483 1803 2560 foecundationem
1831 2477 2028 2563 comitari,
2058 2498 2180 2554 eamve

488 2617 677 2713 proxime
714 2611 862 2703 insequi
887 2608 1016 2682 solent
1040 2620 1122 2682 tam
1150 2612 1188 2682 in
1218 2608 1541 2708 perfectioribus,
1571 2633 1689 2705 quam
1723 2615 1761 2684 in
1782 2612 2004 2710 aphroditis
2030 2606 2179 2706 plantis:

492 2763 582 2813 nam
600 2741 640 2814 br
664 2742 701 2810 in
716 2737 779 2809 his
795 2734 906 2832 ipsu,
932 2733 1085 2808 nonnisi
1102 2734 1191 2832 post
1207 2736 1460 2833 praegressam
1478 2736 1826 2830 saecundatiouem‚
1856 2737 2074 2836 epidermis
2088 2730 2180 2809 ovuli

493 2869 534 2939 in
550 2888 688 2942 verant
703 2862 859 2936 seminis
880 2864 1054 2935 vertitur
1074 2861 1232 2944 testam,
1258 2859 1298 2933 bt
1318 2861 1511 2959 pellucido
1529 2856 1617 2957 ejus
1639 2863 1805 2962 lympha
1822 2865 1861 2935 in
1889 2886 2057 2960 opacum
2080 2860 2181 2933 dura·

491 3000 561 3064 tur
574 2989 782 3071 nucleum,
807 2983 1049 3084 &punstum
1065 2988 1281 3063 medullare
1307 2987 1452 3062 vivum
1472 3010 1600 3088 prope
1624 2991 1779 3062 interna
1799 2989 1971 3061 umbilici
1994 2989 2092 3062 ostia
2111 2983 2182 3057 sub·

493 3117 681 3190 nascitur:
708 3111 819 3187 ficuti
839 3113 925 3187 haec
941 3117 1073 3186 omnia
1088 3116 1127 3186 in
1152 3111 1458 3213 perfectioribus
1479 3137 1638 3210 quoque
1658 3116 1805 3214 plantis
1826 3120 1989 3190 evenire
2008 3115 2182 3190 vidimus.

493 3239 553 3315 At
569 3239 692 3338 probe
713 3241 952 3323 notandum,
978 3240 1191 3345 quodlnon
1220 3260 1361 3315 omnes
1381 3243 1487 3313 uteri
1507 3243 1748 3316 mutationes
1771 3241 1922 3341 semper
1941 3267 1964 3314 a
1984 3242 2070 3315 solo
2092 3238 2183 3334 sper·

483 3367 599 3443 'mate
627 3367 950 3466 proficiscantur,
976 3389 1050 3439 nec
1078 3365 1322 3441 soecundatio
1344 3367 1498 3465 semper
1521 3368 1663 3461 aequali
1690 3367 1808 3440 modo
1838 3371 1875 3439 in
1903 3389 2047 3442 omncs
2072 3355 2183 3436 ovarii

492 3506 630 3595 partes
652 3505 760 3587 agat3
787 3493 851 3569 sed
868 3491 974 3588 quod
992 3491 1078 3566 haec
1098 3491 1297 3567 interdurn
1312 3494 1503 3587 quasdam
1522 3496 1655 3570 saltem
1672 3506 1808 3592 partes
1822 3493 1985 3577 alliciat,
2011 3496 2108 3567 alias
2124 3510 2184 3563 ve·

491 3644 540 3695 ro
559 3622 757 3713 relinquat
774 3597 957 3700 intastas3
983 3618 1023 3692 bt
1038 3616 1145 3711 quod
1161 3618 1254 3692 solae
1272 3641 1558 3714 nonnunquam
1579 3625 1676 3695 vitae
1692 3625 1825 3713 vires,
1852 3623 1888 3692 in
1913 3621 2098 3694 externis
2116 3624 2183 3687 ute·

485 3749 528 3823 'ri
555 3748 753 3847 partibus,
780 3743 914 3818 scenas
935 3742 1093 3827 ludant,
1128 3745 1411 3819 foecundationi
1427 3768 1620 3843 perquam
1642 3744 1806 3821 similes:
1832 3747 1937 3820 unde
1960 3747 2028 3821 vel
2052 3743 2182 3844 spuria,

493 3875 665 3967 emergit
684 3870 755 3948 vel
782 3870 1021 3968 incompleta
1055 3868 1342 3958 foecundatior
1364 3871 1412 3947 de
1441 3872 1586 3978 quibus
1611 3872 1737 3948 adhuc
1772 3872 2007 3950 brevissimis
2038 3873 2116 3947 erit
2137 3866 2183 3940 di·

493 3999 675 4076 cendum.

594 4177 863 4258 Foecundatio
886 4201 1030 4278 nempe
1042 4179 1170 4280 spuria
1200 4204 1225 4255 a
1248 4181 1341 4258 solis
1365 4189 1558 4279 operatur
1582 4185 1681 4260 vitae
1704 4184 1884 4279 viribus,
1909 4184 2003 4259 dum
2024 4182 2100 4256 scil.
2120 4175 2183 4251 illa

494 4312 586 4389 satis
602 4310 761 4400 largum
780 4307 921 4380 ovatio
944 4306 1164 4401 suggerunt
1179 4309 1494 4388 nutrimentum,
1518 4319 1565 4384 ut
1581 4310 1617 4384 id
1638 4311 1894 4404 grandescere
1909 4311 2071 4405 quidem
2088 4306 2183 4380 &to-

494 4449 537 4514 ta
552 4436 618 4511 sua
639 4432 738 4508 sacie
754 4442 941 4518 externa,
967 4435 1044 4509 rite
1069 4433 1299 4509 soecundato
1320 4432 1558 4509 simillimum
1578 4438 1668 4510 fieri
1692 4447 1831 4532 queat,
1863 4435 1927 4511 sed
1958 4440 2069 4509 intus
2088 4427 2183 4506 omni

497 4562 714 4640 ovulorum
731 4558 915 4653 vestigio,
942 4560 1011 4636 vel
1025 4560 1159 4636 saltem
1178 4563 1287 4635 omni
1301 4561 1460 4636 seminis
1483 4561 1657 4637 foecundi
1676 4563 1882 4638 simulacro
1895 4561 2122 4637 destitutum
2136 4553 2181 4626 fit

495 4685 707 4785 Ejusmodi
731 4685 862 4783 spuria
877 4684 1121 4760 soecundatio
1141 4709 1225 4760 non
1246 4687 1481 4782 infrequens
1497 4688 1555 4764 est
1570 4692 1609 4762 in
1623 4687 1816 4764 frustibus
1837 4689 2022 4762 mollibus
2043 4686 2083 4760 δι
2108 4684 2183 4756 bac·

495 4818 615 4903 eatis,
639 4823 686 4889 ut
706 4811 853 4897 Musae,
876 4809 1001 4897 Vitis,
1027 4808 1171 4885 Temni
1192 4814 1328 4918 rubrae
1354 4816 1514 4891 feminae
1536 4816 1606 4890 &c
1631 4809 1746 4910 cujus
1768 4814 2001 4914 posterioris
2026 4808 2183 4912 praeser-

2122 4926 2183 5005 tim

538 5111 832 5194 1.)Mut.rlctt.
855 5110 913 5192 Op.
935 5126 1019 5171 otuu.
1042 5128 1071 5193 p.
1095 5123 1138 5186 τι.
1161 5109 1313 5173 hiantibus
1335 5107 1390 5172 alit
1411 5112 1506 5174 maii
1522 5108 1722 5173 summitatem
1745 5106 1944 5195 amplexatur.
