4567 5959
813 505 1135 586 m
1778 546 1826 606 ss

118 712 368 798 statuentes-2
401 714 686 812 quodscminis
710 717 882 818 embrvo
900 722 945 802 in
964 720 1113 823 pdllioe
1131 719 1330 810 anneot
1348 722 1575 818 delitescat.
1612 732 1658 816 tt
1672 757 1729 816 rx
1746 736 1825 816 11oe

117 864 197 941 prr
215 841 308 938 styli
331 839 517 920 anuos
532 844 580 924 ad
605 866 772 928 romum
789 847 1011 930 armorum
1027 853 1239 934 caritatem
1263 855 1435 948 migret,
1461 866 1511 936 nt
1522 858 1572 932 ibi
1592 857 1727 938 saltem
1746 882 1823 944 nu·

122 970 287 1051 triatur,
311 969 602 1062 grandescat&
621 971 800 1056 tandem,
826 973 991 1056 soumis
1005 975 1222 1056 involucro
1237 976 1455 1058 custoditus
1476 980 1694 1077 spargatur.
1727 984 1825 1064 Non

121 1093 221 1186 alia,
256 1093 346 1178 hac,
385 1097 511 1188 magis
537 1095 680 1170 absona
701 1100 923 1193 excogitati
931 1099 1134 1200 potuisset
1157 1102 1418 1199 hypothesis:
1458 1104 1488 1179 n
1517 1110 1625 1184 enim
1646 1111 1736 1195 illa,
1771 1115 1827 1200 m

122 1243 252 1315 regno
278 1221 459 1306 aninmli,
512 1222 600 1296 suas
622 1221 739 1320 plane
764 1224 1046 1323 insuperabiles
1068 1226 1187 1304 habet
1207 1228 1477 1315 diffictdtates3
1502 1232 1636 1310 eadem
1661 1236 1753 1314 stne
1773 1240 1824 1316 in

124 1346 347 1440 vegetabile
375 1369 544 1442 reguum
576 1349 786 1436 translata,
835 1374 886 1428 ne
908 1352 1089 1427 umbram
1119 1352 1280 1448 quidem
1312 1355 1664 1436 verisimilitudinis
1694 1361 1834 1444 habet·

44 1561 49 1568 ‚
120 1474 258 1552 Detur
281 1495 443 1570 nempe:
470 1472 537 1550 vel
560 1467 744 1569 integros
755 1477 918 1575 pollinis
929 1478 1142 1573 globulos,
1170 1489 1240 1554 aut
1261 1483 1459 1582 quaslibet
1476 1482 1630 1562 fovillaa
1647 1491 1825 1585 particu-

119 1603 185 1682 las
207 1600 358 1694 absque
380 1599 611 1680 difficultate
633 1602 673 1674 in
695 1601 837 1700 stigma
861 1605 1093 1692 intromittit
1137 1616 1179 1682 et
1201 1607 1395 1701 largiatur
1417 1612 1556 1701 etiam,
1594 1610 1684 1688 istm
1701 1616 1832 1713 parti<

122 1726 256 1808 milas,
292 1724 438 1800 illibata
459 1728 668 1802 tenerrimi
688 1731 880 1824 germinis
899 1728 1047 1821 souma,
1078 1753 1154 1828 por
1173 1731 1363 1826 augustru
1389 1732 1481 1829 styli
1506 1737 1669 1813 canales.
1683 1749 1726 1815 ct
1751 1763 1824 1839 per

123 1850 337 1932 cellulum
356 1852 595 1950 receptaculi
622 1852 815 1932 sencinum
832 1854 1105 1949 labyrinthum
1136 1868 1278 1932 corrtra
1297 1860 1410 1953 leges
1429 1862 1659 1953 gravitatis,
1700 1874 1823 1944 attra-

124 1977 298 2063 dtionis,
327 1976 544 2062 nithonis,
573 1980 721 2065 verbo,
751 1989 898 2058 murra
916 1985 1050 2060 munia
1073 1981 1289 2070 obstacula,
1316 1985 1446 2062 salvas
1475 1986 1525 2064 ad
1544 1988 1759 2083 ingressum
1784 1990 1826 2068 iu

124 2108 337 2186 cariorem
365 2106 481 2180 ovidi
509 2105 759 2201 pertingere:
796 2129 939 2204 parum
966 2108 1031 2188 his
1053 2111 1242 2188 omnibus
1261 2112 1457 2191 lucrantur
1481 2115 1580 2206 erit,
1623 2117 1828 2210 quianon

100 2301 104 2305 ,
126 2233 386 2326 intelligitur,
411 2230 612 2325 quomodo
631 2250 765 2307 novus
787 2231 852 2308 ille
872 2232 1042 2331 advena,
1063 2230 1212 2329 justum
1228 2236 1339 2312 suum
1360 2238 1466 2316 intra
1485 2237 1593 2316 istam
1613 2242 1827 2320 cavitatem

124 2380 270 2462 capere
297 2356 415 2456 pulsu
447 2355 565 2430 stum
592 2366 711 2451 atque
733 2357 878 2436 locum.
940 2355 1060 2453 Quod
1088 2362 1197 2434 enim
1231 2361 1333 2436 alius
1365 2359 1490 2438 statim
1520 2364 1689 2442 adustio
1711 2367 1825 2444 outrli

124 2484 316 2568 considat,
350 2486 453 2560 utin
475 2480 627 2570 Areum
667 2485 772 2560 alius
792 2507 898 2562 vero
908 2484 1104 2562 summum
1119 2480 1207 2581 ejus
1227 2497 1336 2584 petat
1356 2487 1569 2573 fornicem,
1600 2487 1706 2564 utin
1729 2488 1825 2567 Cel·

124 2614 265 2699 chicor
306 2608 509 2688 &iterum
528 2609 1016 2693 aliusinlatusdivertat,
1054 2623 1101 2688 ut
1122 2615 1161 2687 in
1181 2611 1393 2692 Phoenice:
1433 2614 1469 2689 id
1490 2614 1650 2709 quidem
1671 2613 1825 2696 ultimis
1896 2607 1900 2616 ’

122 2740 312 2818 vasorum
335 2736 617 2812 umbilicalium
635 2737 784 2814 finibus
800 2740 949 2835 poterit
966 2739 1138 2814 attribui.
1189 2735 1270 2816 Sed
1285 2740 1390 2832 quod
1408 2740 1471 2818 hic
1493 2741 1648 2838 semper
1662 2736 1822 2822 erectae

124 2864 331 2948 consistat,
358 2864 396 2935 in
411 2859 675 2961 Compositist
706 2865 809 2940 alter
825 2864 1008 2940 inversus
1023 2865 1211 2963 pendeat,
1240 2868 1282 2940 in
1298 2865 1524 2964 Dipsuceis3
1558 2867 1704 2946 tertius
1715 2865 1824 2945 lobli.

124 3014 232 3088 quus
254 2991 479 3075 dectunbat,
516 2993 556 3068 in
579 2988 809 3092 Asparagor
849 2989 1077 3084 &quartus
1105 2991 1369 3068 transversim
1395 2995 1564 3070 ovulnm
1592 3000 1824 3092 perreptet.

125 3120 166 3196 in
189 3115 461 3211 Augu-illauiar
485 3115 593 3212 quod
609 3117 983 3196 omnium'radicula
998 3117 1141 3195 versus
1161 3118 1430 3216 periplreriam
1452 3118 1491 3194 d(
1506 3139 1710 3212 nunquam
1731 3139 1825 3195 ver-

125 3246 194 3326 sus
217 3252 401 3324 centrum
425 3242 587 3318 seminis
616 3238 763 3319 diretta
781 3240 850 3326 fit3
889 3242 929 3324 bt
957 3243 1065 3338 quud
1095 3242 1366 3326 diversissimae
1397 3245 1476 3318 illae
1510 3243 1700 3344 positurae
1725 3243 1825 3320 adea

128 3371 206 3452 tint
223 3369 469 3453 constantes,
494 3377 543 3442 ut
562 3370 601 3444 in
623 3367 762 3442 multis
779 3368 970 3444 seminum
994 3369 1242 3463 myriadibus
1261 3372 1381 3446 unius
1399 3370 1558 3469 speciei,
1588 3369 1825 3464 embryonis

127 3498 227 3576 situs
243 3518 296 3573 ne
315 3493 435 3571 sennes
451 3491 608 3586 quidem
624 3491 789 3568 variasse
810 3494 919 3570 visus
934 3492 1000 3568 sit:
1028 3493 1065 3568 id
1082 3494 1241 3588 quidem
1258 3519 1313 3574 ex
1329 3497 1514 3572 omnibus
1531 3496 1697 3593 pollinis
1709 3494 1749 3569 δι
1763 3492 1826 3568 so-

128 3625 244 3702 uillac
264 3622 425 3698 dotibus
452 3614 563 3691 srmul
586 3617 725 3696 sumtis
742 3620 937 3716 explicari
961 3618 1069 3716 posse
1086 3619 1351 3718 desperamus.
1407 3619 1501 3697 Alia
1518 3629 1777 3714 argumenta,
1804 3640 1830 3694 a

129 3751 340 3829 deficiente
369 3745 537 3820 cavitate
570 3745 610 3816 in
638 3742 763 3824 ovulo
790 3748 997 3839 virgineo,
1032 3768 1055 3817 a
1079 3748 1275 3843 partubus
1304 3748 1507 3843 hybridis,
1554 3746 1594 3824 ἃ
1625 3770 1649 3820 a
1677 3745 1828 3842 polline

129 3874 334 3956 masculo,
375 3867 588 3945 &cundum
613 3867 884 3961 Hrttruu,
919 3894 974 3945 ex
999 3868 1150 3947 sincera
1170 3894 1289 3950 carne
1313 3874 1526 3967 vegetabili
1549 3872 1745 3954 forrato,
1787 3875 1830 3946 et

128 4014 266 4078 tamen
292 3995 471 4086 femellas
491 3994 646 4093 plantas
665 3996 928 4093 producente,
954 3999 1096 4094 petita,
1122 4001 1268 4071 merito
1291 3998 1467 4084 memus,
1494 4004 1735 4074 cumtotum
1751 3993 1829 4070 hoc

130 4135 404 4206 commentum
429 4143 511 4196 non
537 4121 687 4206 roselli,
724 4121 789 4200 sed
814 4125 951 4220 potius
973 4121 1094 4197 rideri
1120 4133 1334 4199 mereatur.

231 4414 384 4515 Aptius
407 4415 538 4507 itaque
557 4414 645 4498 alii,
670 4415 798 4512 prima
820 4414 965 4490 sobolis
983 4415 1114 4499 initia,
1141 4412 1210 4488 soli
1229 4417 1367 4500 matri,
1399 4413 1424 4490 s.
1444 4414 1623 4513 partibus
1646 4411 1828 4489 femineis

134 4544 407 4628 attribuerunt
429 4549 548 4634 atque
572 4540 856 4635 embryonem,
889 4549 1021 4616 totum
1042 4539 1365 4639 praeformatum,
1398 4542 1502 4614 intra
1518 4539 1642 4637 ipsum
1661 4541 1830 4614 colloca·

135 4680 237 4742 runt
259 4669 447 4750 ovulum,
473 4675 520 4741 ut
542 4667 610 4750 ibi,
631 4665 682 4738 ab
705 4667 817 4741 initio
846 4688 1002 4750 rerum,
1042 4668 1080 4739 in
1109 4688 1230 4741 omne
1252 4665 1424 4740 dormiat
1449 4667 1631 4764 tempus,
1661 4664 1831 4737 doneca

135 4796 246 4872 virili
279 4795 472 4891 spermate
497 4789 733 4885 evigilemr,
771 4796 974 4867 nutriatur
1000 4801 1122 4885 atque
1148 4791 1386 4866 evolvatur:
1432 4811 1558 4883 quare
1580 4791 1698 4863 etiam
1726 4786 1830 4870 haec,

134 4921 388 4999 evolutionis
411 4917 652 5018 hypothesis
670 4918 789 4995 audit.-
838 4914 1004 5011 Magnis
1022 4916 1136 4994 Viris
1169 4918 1257 4992 hacc
1270 4915 1474 5011 ‘sententia
1488 4914 1667 5015 placuit,
1709 4932 1834 5003 quum

979 5059 1053 5137 ga
1646 5035 1840 5121 viderint,
