<?xml version="1.0" encoding="UTF-8"?>
<!DOCTYPE html PUBLIC "-//W3C//DTD XHTML 1.0 Transitional//EN"
    "http://www.w3.org/TR/xhtml1/DTD/xhtml1-transitional.dtd">
<html xmlns="http://www.w3.org/1999/xhtml" xml:lang="en" lang="en">
 <head>
  <title>
</title>
<meta http-equiv="Content-Type" content="text/html;charset=utf-8" />
  <meta name='ocr-system' content='tesseract 3.04.00' />
  <meta name='ocr-capabilities' content='ocr_page ocr_carea ocr_par ocr_line ocrx_word'/>
</head>
<body>
  <div class='ocr_page' id='page_1' title='image "./defructibusetse00librgoog_0083.png"; bbox 0 0 4567 5959; ppageno 0'>
   <div class='ocr_carea' id='block_1_1' title="bbox 824 439 1836 512">
    <p class='ocr_par' dir='ltr' id='par_1_1' title="bbox 824 439 1836 512">
     <span class='ocr_line' id='line_1_1' title="bbox 824 439 1836 512; baseline -0.017 0"><span class='ocrx_word' id='word_1_1' title='bbox 824 453 1136 512; x_wconf 62' lang='lat' dir='ltr'>mm</span> <span class='ocrx_word' id='word_1_2' title='bbox 1709 439 1836 498; x_wconf 75' lang='lat' dir='ltr'>carn</span> 
     </span>
    </p>
   </div>
   <div class='ocr_carea' id='block_1_2' title="bbox 56 647 1838 1368">
    <p class='ocr_par' dir='ltr' id='par_1_2' title="bbox 56 647 1838 1368">
     <span class='ocr_line' id='line_1_2' title="bbox 56 647 1838 754; baseline -0.004 -20"><span class='ocrx_word' id='word_1_3' title='bbox 56 713 57 716; x_wconf 63' lang='lat'>,</span> <span class='ocrx_word' id='word_1_4' title='bbox 138 653 272 733; x_wconf 66' lang='lat' dir='ltr'>Fusias</span> <span class='ocrx_word' id='word_1_5' title='bbox 288 658 449 730; x_wconf 87' lang='lat' dir='ltr'>nomine</span> <span class='ocrx_word' id='word_1_6' title='bbox 464 656 643 729; x_wconf 86' lang='lat' dir='ltr'>veniunt.</span> <span class='ocrx_word' id='word_1_7' title='bbox 693 653 750 728; x_wconf 85' lang='lat' dir='ltr'>Ita</span> <span class='ocrx_word' id='word_1_8' title='bbox 769 651 913 729; x_wconf 87' lang='lat' dir='ltr'>semina</span> <span class='ocrx_word' id='word_1_9' title='bbox 930 649 1145 754; x_wconf 82' lang='lat' dir='ltr'>coadunata</span> <span class='ocrx_word' id='word_1_10' title='bbox 1161 647 1530 741; x_wconf 83' lang='lat' dir='ltr'>Umbellilerarum,</span> <span class='ocrx_word' id='word_1_11' title='bbox 1555 649 1838 751; x_wconf 81' lang='lat' dir='ltr'>&amp;pericarpia</span> 
     </span>
     <span class='ocr_line' id='line_1_3' title="bbox 135 773 1836 888; baseline 0.001 -31"><span class='ocrx_word' id='word_1_12' title='bbox 135 783 468 859; x_wconf 87' lang='lat' dir='ltr'>conserruminata</span> <span class='ocrx_word' id='word_1_13' title='bbox 485 780 706 862; x_wconf 83' lang='lat' dir='ltr'>Morindae,</span> <span class='ocrx_word' id='word_1_14' title='bbox 732 778 909 866; x_wconf 84' lang='lat' dir='ltr'>Ananae,</span> <span class='ocrx_word' id='word_1_15' title='bbox 935 778 1189 888; x_wconf 83' lang='lat' dir='ltr'>Conocarpi,</span> <span class='ocrx_word' id='word_1_16' title='bbox 1207 775 1435 876; x_wconf 84' lang='lat' dir='ltr'>Caprifolii,</span> <span class='ocrx_word' id='word_1_17' title='bbox 1461 776 1567 852; x_wconf 89' lang='lat' dir='ltr'>Rubi</span> <span class='ocrx_word' id='word_1_18' title='bbox 1584 777 1658 852; x_wconf 72' lang='lat' dir='ltr'>bic.</span> <span class='ocrx_word' id='word_1_19' title='bbox 1678 773 1836 879; x_wconf 79' lang='lat' dir='ltr'>sempor</span> 
     </span>
     <span class='ocr_line' id='line_1_4' title="bbox 133 901 1833 1007; baseline -0.001 -25"><span class='ocrx_word' id='word_1_20' title='bbox 133 906 329 984; x_wconf 74' lang='lat' dir='ltr'>collestivc</span> <span class='ocrx_word' id='word_1_21' title='bbox 350 907 445 981; x_wconf 72' lang='lat' dir='ltr'>scuni</span> <span class='ocrx_word' id='word_1_22' title='bbox 462 908 500 983; x_wconf 75' lang='lat' dir='ltr'>u</span> <span class='ocrx_word' id='word_1_23' title='bbox 518 907 744 1005; x_wconf 78' lang='lat' dir='ltr'>simpliciter</span> <span class='ocrx_word' id='word_1_24' title='bbox 757 901 913 982; x_wconf 65' lang='lat' dir='ltr'>fruitus</span> <span class='ocrx_word' id='word_1_25' title='bbox 936 904 1094 980; x_wconf 84' lang='lat' dir='ltr'>istarum</span> <span class='ocrx_word' id='word_1_26' title='bbox 1112 907 1340 1007; x_wconf 77' lang='lat' dir='ltr'>plantarum</span> <span class='ocrx_word' id='word_1_27' title='bbox 1360 903 1434 979; x_wconf 91' lang='lat' dir='ltr'>dici</span> <span class='ocrx_word' id='word_1_28' title='bbox 1455 902 1591 982; x_wconf 66' lang='lat' dir='ltr'>solent,</span> <span class='ocrx_word' id='word_1_29' title='bbox 1642 902 1833 998; x_wconf 85' lang='lat' dir='ltr'>Quando·</span> 
     </span>
     <span class='ocr_line' id='line_1_5' title="bbox 131 1029 1834 1132; baseline -0.001 -25"><span class='ocrx_word' id='word_1_30' title='bbox 131 1037 342 1128; x_wconf 69' lang='lat' dir='ltr'>quantiam</span> <span class='ocrx_word' id='word_1_31' title='bbox 360 1029 553 1127; x_wconf 77' lang='lat' dir='ltr'>ejusmodi</span> <span class='ocrx_word' id='word_1_32' title='bbox 567 1033 742 1132; x_wconf 88' lang='lat' dir='ltr'>plurium</span> <span class='ocrx_word' id='word_1_33' title='bbox 755 1035 991 1108; x_wconf 85' lang='lat' dir='ltr'>ovariorum</span> <span class='ocrx_word' id='word_1_34' title='bbox 1008 1033 1340 1122; x_wconf 66' lang='lat' dir='ltr'>consecutiones,</span> <span class='ocrx_word' id='word_1_35' title='bbox 1366 1034 1575 1130; x_wconf 87' lang='lat' dir='ltr'>proprium</span> <span class='ocrx_word' id='word_1_36' title='bbox 1586 1051 1733 1107; x_wconf 84' lang='lat' dir='ltr'>nomon</span> <span class='ocrx_word' id='word_1_37' title='bbox 1746 1032 1834 1106; x_wconf 67' lang='lat' dir='ltr'>⁴sor-</span> 
     </span>
     <span class='ocr_line' id='line_1_6' title="bbox 131 1154 1834 1255; baseline -0.001 -20"><span class='ocrx_word' id='word_1_38' title='bbox 131 1162 299 1235; x_wconf 86' lang='lat' dir='ltr'>tiuntur:</span> <span class='ocrx_word' id='word_1_39' title='bbox 322 1169 370 1235; x_wconf 90' lang='lat' dir='ltr'>ut</span> <span class='ocrx_word' id='word_1_40' title='bbox 395 1158 502 1236; x_wconf 85' lang='lat' dir='ltr'>Vitis</span> <span class='ocrx_word' id='word_1_41' title='bbox 522 1161 645 1242; x_wconf 75' lang='lat' dir='ltr'>acilii,</span> <span class='ocrx_word' id='word_1_42' title='bbox 680 1160 721 1232; x_wconf 90' lang='lat' dir='ltr'>in</span> <span class='ocrx_word' id='word_1_43' title='bbox 744 1180 947 1233; x_wconf 76' lang='lat' dir='ltr'><strong>racemum</strong></span> <span class='ocrx_word' id='word_1_44' title='bbox 967 1156 1125 1255; x_wconf 79' lang='lat' dir='ltr'>digesti,</span> <span class='ocrx_word' id='word_1_45' title='bbox 1160 1156 1202 1234; x_wconf 68' lang='grc' dir='ltr'>ὅ(</span> <span class='ocrx_word' id='word_1_46' title='bbox 1231 1176 1374 1234; x_wconf 71' lang='lat' dir='ltr'>omncs</span> <span class='ocrx_word' id='word_1_47' title='bbox 1402 1157 1552 1252; x_wconf 71' lang='lat' dir='ltr'>bacca,</span> <span class='ocrx_word' id='word_1_48' title='bbox 1573 1155 1687 1232; x_wconf 77' lang='lat' dir='ltr'>fimisi</span> <span class='ocrx_word' id='word_1_49' title='bbox 1714 1154 1834 1234; x_wconf 83' lang='lat' dir='ltr'>modo</span> 
     </span>
     <span class='ocr_line' id='line_1_7' title="bbox 132 1283 825 1368; baseline 0 -10"><span class='ocrx_word' id='word_1_50' title='bbox 132 1283 366 1368; x_wconf 84' lang='lat' dir='ltr'>crescentes,</span> <span class='ocrx_word' id='word_1_51' title='bbox 398 1284 487 1364; x_wconf 78' lang='lat' dir='ltr'>Uva</span> <span class='ocrx_word' id='word_1_52' title='bbox 505 1306 651 1360; x_wconf 90' lang='lat' dir='ltr'>nomen</span> <span class='ocrx_word' id='word_1_53' title='bbox 667 1284 825 1359; x_wconf 77' lang='lat' dir='ltr'>habent</span> 
     </span>
    </p>
   </div>
   <div class='ocr_carea' id='block_1_3' title="bbox 120 1463 1835 2828">
    <p class='ocr_par' dir='ltr' id='par_1_3' title="bbox 120 1463 1835 2828">
     <span class='ocr_line' id='line_1_8' title="bbox 220 1463 1835 1563; baseline 0.004 -23"><span class='ocrx_word' id='word_1_54' title='bbox 220 1464 290 1540; x_wconf 86' lang='lat' dir='ltr'>Ex</span> <span class='ocrx_word' id='word_1_55' title='bbox 311 1465 375 1541; x_wconf 91' lang='lat' dir='ltr'>his</span> <span class='ocrx_word' id='word_1_56' title='bbox 390 1465 544 1544; x_wconf 81' lang='lat' dir='ltr'><strong>abunde</strong></span> <span class='ocrx_word' id='word_1_57' title='bbox 563 1468 706 1563; x_wconf 81' lang='lat' dir='ltr'>liquet,</span> <span class='ocrx_word' id='word_1_58' title='bbox 732 1467 838 1562; x_wconf 90' lang='lat' dir='ltr'>quod</span> <span class='ocrx_word' id='word_1_59' title='bbox 854 1463 999 1544; x_wconf 69' lang='lat' dir='ltr'>Frad‘as</span> <span class='ocrx_word' id='word_1_60' title='bbox 1017 1488 1187 1556; x_wconf 89' lang='lat' dir='ltr'>nomen,</span> <span class='ocrx_word' id='word_1_61' title='bbox 1212 1491 1318 1545; x_wconf 89' lang='lat' dir='ltr'>nunc</span> <span class='ocrx_word' id='word_1_62' title='bbox 1334 1463 1537 1552; x_wconf 74' lang='lat' dir='ltr'>stritbiori,</span> <span class='ocrx_word' id='word_1_63' title='bbox 1560 1487 1670 1543; x_wconf 90' lang='lat' dir='ltr'>nunc</span> <span class='ocrx_word' id='word_1_64' title='bbox 1686 1468 1835 1546; x_wconf 76' lang='lat' dir='ltr'>laxiori</span> 
     </span>
     <span class='ocr_line' id='line_1_9' title="bbox 128 1590 1835 1695; baseline 0.001 -28"><span class='ocrx_word' id='word_1_65' title='bbox 128 1593 293 1690; x_wconf 74' lang='lat' dir='ltr'>gaudeat</span> <span class='ocrx_word' id='word_1_66' title='bbox 308 1591 610 1690; x_wconf 70' lang='lat' dir='ltr'>significatione,</span> <span class='ocrx_word' id='word_1_67' title='bbox 635 1594 674 1668; x_wconf 75' lang='grc' dir='ltr'>δι</span> <span class='ocrx_word' id='word_1_68' title='bbox 693 1590 800 1688; x_wconf 90' lang='lat' dir='ltr'>quod</span> <span class='ocrx_word' id='word_1_69' title='bbox 816 1593 947 1692; x_wconf 88' lang='lat' dir='ltr'>prior,</span> <span class='ocrx_word' id='word_1_70' title='bbox 972 1593 1042 1670; x_wconf 89' lang='lat' dir='ltr'>soli</span> <span class='ocrx_word' id='word_1_71' title='bbox 1056 1606 1257 1695; x_wconf 79' lang='lat' dir='ltr'>competat</span> <span class='ocrx_word' id='word_1_72' title='bbox 1272 1597 1412 1692; x_wconf 74' lang='lat' dir='ltr'>ovorio</span> <span class='ocrx_word' id='word_1_73' title='bbox 1431 1602 1608 1690; x_wconf 82' lang='lat' dir='ltr'>maturo;</span> <span class='ocrx_word' id='word_1_74' title='bbox 1634 1594 1835 1693; x_wconf 81' lang='lat' dir='ltr'>posterior</span> 
     </span>
     <span class='ocr_line' id='line_1_10' title="bbox 126 1716 1832 1818; baseline -0.001 -22"><span class='ocrx_word' id='word_1_75' title='bbox 126 1742 223 1796; x_wconf 85' lang='lat' dir='ltr'>vero</span> <span class='ocrx_word' id='word_1_76' title='bbox 248 1739 394 1795; x_wconf 87' lang='lat' dir='ltr'>omnes</span> <span class='ocrx_word' id='word_1_77' title='bbox 423 1719 508 1794; x_wconf 87' lang='lat' dir='ltr'>illas</span> <span class='ocrx_word' id='word_1_78' title='bbox 528 1716 811 1818; x_wconf 76' lang='lat' dir='ltr'>complestatur</span> <span class='ocrx_word' id='word_1_79' title='bbox 838 1729 975 1817; x_wconf 87' lang='lat' dir='ltr'>partes</span> <span class='ocrx_word' id='word_1_80' title='bbox 1009 1724 1246 1816; x_wconf 84' lang='lat' dir='ltr'>organicas,</span> <span class='ocrx_word' id='word_1_81' title='bbox 1281 1743 1475 1816; x_wconf 83' lang='lat' dir='ltr'>quaecum</span> <span class='ocrx_word' id='word_1_82' title='bbox 1506 1722 1648 1796; x_wconf 86' lang='lat' dir='ltr'>ovario</span> <span class='ocrx_word' id='word_1_83' title='bbox 1675 1728 1832 1795; x_wconf 87' lang='lat' dir='ltr'>maturo</span> 
     </span>
     <span class='ocr_line' id='line_1_11' title="bbox 125 1845 1831 1946; baseline 0.002 -27"><span class='ocrx_word' id='word_1_84' title='bbox 125 1866 271 1922; x_wconf 85' lang='lat' dir='ltr'>nexum</span> <span class='ocrx_word' id='word_1_85' title='bbox 292 1860 366 1922; x_wconf 87' lang='lat' dir='ltr'>aut</span> <span class='ocrx_word' id='word_1_86' title='bbox 384 1845 609 1921; x_wconf 86' lang='lat' dir='ltr'>societatem</span> <span class='ocrx_word' id='word_1_87' title='bbox 627 1846 785 1920; x_wconf 77' lang='lat' dir='ltr'>habent.</span> <span class='ocrx_word' id='word_1_88' title='bbox 833 1845 892 1919; x_wconf 88' lang='lat' dir='ltr'>Et</span> <span class='ocrx_word' id='word_1_89' title='bbox 907 1845 1119 1924; x_wconf 86' lang='lat' dir='ltr'>secundum</span> <span class='ocrx_word' id='word_1_90' title='bbox 1138 1849 1258 1946; x_wconf 83' lang='lat' dir='ltr'>ipsam</span> <span class='ocrx_word' id='word_1_91' title='bbox 1278 1848 1380 1922; x_wconf 89' lang='lat' dir='ltr'>hanc</span> <span class='ocrx_word' id='word_1_92' title='bbox 1406 1846 1700 1941; x_wconf 78' lang='lat' dir='ltr'>generaliorem</span> <span class='ocrx_word' id='word_1_93' title='bbox 1717 1848 1831 1923; x_wconf 78' lang='lat' dir='ltr'>vocis</span> 
     </span>
     <span class='ocr_line' id='line_1_12' title="bbox 123 1968 1830 2082; baseline -0.001 -34"><span class='ocrx_word' id='word_1_94' title='bbox 123 1968 465 2066; x_wconf 73' lang='lat' dir='ltr'>fignificationem,</span> <span class='ocrx_word' id='word_1_95' title='bbox 491 1993 599 2046; x_wconf 89' lang='lat' dir='ltr'>nunc</span> <span class='ocrx_word' id='word_1_96' title='bbox 624 1992 785 2066; x_wconf 92' lang='lat' dir='ltr'>quoque</span> <span class='ocrx_word' id='word_1_97' title='bbox 815 1971 1046 2052; x_wconf 86' lang='lat' dir='ltr'>scrutinium</span> <span class='ocrx_word' id='word_1_98' title='bbox 1072 1970 1228 2054; x_wconf 69' lang='lat' dir='ltr'>fruitus</span> <span class='ocrx_word' id='word_1_99' title='bbox 1251 1975 1303 2048; x_wconf 83' lang='lat' dir='ltr'>ita</span> <span class='ocrx_word' id='word_1_100' title='bbox 1325 1973 1575 2048; x_wconf 85' lang='lat' dir='ltr'>instituemus</span> <span class='ocrx_word' id='word_1_101' title='bbox 1584 1994 1616 2082; x_wconf 44' lang='lat' dir='ltr'>a</span> <span class='ocrx_word' id='word_1_102' title='bbox 1624 1981 1671 2046; x_wconf 84' lang='lat' dir='ltr'>ut</span> <span class='ocrx_word' id='word_1_103' title='bbox 1689 1976 1830 2071; x_wconf 87' lang='lat' dir='ltr'>primo,</span> 
     </span>
     <span class='ocr_line' id='line_1_13' title="bbox 124 2087 1828 2195; baseline 0.002 -24"><span class='ocrx_word' id='word_1_104' title='bbox 124 2098 249 2174; x_wconf 87' lang='lat' dir='ltr'>varias</span> <span class='ocrx_word' id='word_1_105' title='bbox 266 2092 359 2194; x_wconf 84' lang='lat' dir='ltr'>ejus</span> <span class='ocrx_word' id='word_1_106' title='bbox 377 2099 593 2174; x_wconf 79' lang='lat' dir='ltr'>relationes</span> <span class='ocrx_word' id='word_1_107' title='bbox 615 2119 705 2171; x_wconf 92' lang='lat' dir='ltr'>cum</span> <span class='ocrx_word' id='word_1_108' title='bbox 728 2097 909 2195; x_wconf 86' lang='lat' dir='ltr'>partibus</span> <span class='ocrx_word' id='word_1_109' title='bbox 933 2087 1095 2184; x_wconf 72' lang='lat' dir='ltr'>vicinim</span> <span class='ocrx_word' id='word_1_110' title='bbox 1122 2098 1264 2174; x_wconf 87' lang='lat' dir='ltr'>deinde</span> <span class='ocrx_word' id='word_1_111' title='bbox 1285 2094 1517 2194; x_wconf 74' lang='lat' dir='ltr'>affectiones</span> <span class='ocrx_word' id='word_1_112' title='bbox 1538 2091 1628 2192; x_wconf 85' lang='lat' dir='ltr'>ejus</span> <span class='ocrx_word' id='word_1_113' title='bbox 1652 2093 1828 2176; x_wconf 87' lang='lat' dir='ltr'>acciden-</span> 
     </span>
     <span class='ocr_line' id='line_1_14' title="bbox 123 2220 1831 2324; baseline 0.001 -26"><span class='ocrx_word' id='word_1_114' title='bbox 123 2222 237 2308; x_wconf 81' lang='lat' dir='ltr'>tales,</span> <span class='ocrx_word' id='word_1_115' title='bbox 272 2247 302 2299; x_wconf 83' lang='lat' dir='ltr'>a</span> <span class='ocrx_word' id='word_1_116' title='bbox 329 2243 525 2307; x_wconf 85' lang='lat' dir='ltr'>numero,</span> <span class='ocrx_word' id='word_1_117' title='bbox 571 2220 662 2305; x_wconf 82' lang='lat' dir='ltr'>situ,</span> <span class='ocrx_word' id='word_1_118' title='bbox 687 2223 978 2304; x_wconf 83' lang='lat' dir='ltr'>combinatione</span> <span class='ocrx_word' id='word_1_119' title='bbox 998 2222 1071 2300; x_wconf 80' lang='lat' dir='ltr'>&amp;c</span> <span class='ocrx_word' id='word_1_120' title='bbox 1098 2225 1346 2324; x_wconf 63' lang='lat' dir='ltr'>pendentem</span> <span class='ocrx_word' id='word_1_121' title='bbox 1377 2223 1614 2319; x_wconf 85' lang='lat' dir='ltr'>&amp;denique</span> <span class='ocrx_word' id='word_1_122' title='bbox 1643 2224 1831 2321; x_wconf 82' lang='lat' dir='ltr'>proprias</span> 
     </span>
     <span class='ocr_line' id='line_1_15' title="bbox 121 2343 1829 2446; baseline 0.001 -22"><span class='ocrx_word' id='word_1_123' title='bbox 121 2343 205 2444; x_wconf 89' lang='lat' dir='ltr'>ejus</span> <span class='ocrx_word' id='word_1_124' title='bbox 221 2349 454 2446; x_wconf 85' lang='lat' dir='ltr'>qualitates,</span> <span class='ocrx_word' id='word_1_125' title='bbox 481 2352 520 2423; x_wconf 89' lang='lat' dir='ltr'>in</span> <span class='ocrx_word' id='word_1_126' title='bbox 541 2347 688 2423; x_wconf 83' lang='lat' dir='ltr'>fabrica</span> <span class='ocrx_word' id='word_1_127' title='bbox 711 2371 756 2424; x_wconf 85' lang='lat' dir='ltr'>ac</span> <span class='ocrx_word' id='word_1_128' title='bbox 775 2346 991 2438; x_wconf 68' lang='lat' dir='ltr'>strusiura,</span> <span class='ocrx_word' id='word_1_129' title='bbox 1016 2360 1096 2424; x_wconf 81' lang='lat' dir='ltr'>tam</span> <span class='ocrx_word' id='word_1_130' title='bbox 1124 2352 1300 2435; x_wconf 86' lang='lat' dir='ltr'>interna,</span> <span class='ocrx_word' id='word_1_131' title='bbox 1325 2371 1444 2445; x_wconf 88' lang='lat' dir='ltr'>quam</span> <span class='ocrx_word' id='word_1_132' title='bbox 1463 2358 1652 2434; x_wconf 83' lang='lat' dir='ltr'>externa,</span> <span class='ocrx_word' id='word_1_133' title='bbox 1687 2349 1829 2425; x_wconf 86' lang='lat' dir='ltr'>funda·</span> 
     </span>
     <span class='ocr_line' id='line_1_16' title="bbox 121 2470 1828 2574; baseline 0.001 -24"><span class='ocrx_word' id='word_1_134' title='bbox 121 2483 202 2560; x_wconf 81' lang='lat' dir='ltr'>tas,</span> <span class='ocrx_word' id='word_1_135' title='bbox 220 2497 283 2554; x_wconf 74' lang='lat' dir='ltr'>,ex</span> <span class='ocrx_word' id='word_1_136' title='bbox 316 2476 457 2551; x_wconf 82' lang='lat' dir='ltr'>ordine</span> <span class='ocrx_word' id='word_1_137' title='bbox 478 2495 778 2574; x_wconf 83' lang='lat' dir='ltr'>percurramus.</span> <span class='ocrx_word' id='word_1_138' title='bbox 827 2474 873 2549; x_wconf 91' lang='lat' dir='ltr'>ln</span> <span class='ocrx_word' id='word_1_139' title='bbox 902 2477 1156 2572; x_wconf 86' lang='lat' dir='ltr'>sequentibus</span> <span class='ocrx_word' id='word_1_140' title='bbox 1181 2499 1283 2552; x_wconf 83' lang='lat' dir='ltr'>varo</span> <span class='ocrx_word' id='word_1_141' title='bbox 1309 2475 1431 2549; x_wconf 89' lang='lat' dir='ltr'>solam</span> <span class='ocrx_word' id='word_1_142' title='bbox 1455 2479 1568 2553; x_wconf 87' lang='lat' dir='ltr'>vocis</span> <span class='ocrx_word' id='word_1_143' title='bbox 1591 2470 1828 2564; x_wconf 72' lang='lat' dir='ltr'>strit‘iiorenr</span> 
     </span>
     <span class='ocr_line' id='line_1_17' title="bbox 121 2596 1828 2702; baseline 0.002 -30"><span class='ocrx_word' id='word_1_144' title='bbox 121 2596 445 2695; x_wconf 78' lang='lat' dir='ltr'>significationem</span> <span class='ocrx_word' id='word_1_145' title='bbox 462 2601 736 2700; x_wconf 81' lang='lat' dir='ltr'>respiciemus,</span> <span class='ocrx_word' id='word_1_146' title='bbox 757 2601 916 2697; x_wconf 88' lang='lat' dir='ltr'>quando</span> <span class='ocrx_word' id='word_1_147' title='bbox 938 2602 988 2678; x_wconf 89' lang='lat' dir='ltr'>de</span> <span class='ocrx_word' id='word_1_148' title='bbox 1007 2602 1185 2702; x_wconf 79' lang='lat' dir='ltr'>specifica</span> <span class='ocrx_word' id='word_1_149' title='bbox 1201 2603 1334 2680; x_wconf 86' lang='lat' dir='ltr'>ovarii</span> <span class='ocrx_word' id='word_1_150' title='bbox 1357 2599 1504 2692; x_wconf 85' lang='lat' dir='ltr'>forma,</span> <span class='ocrx_word' id='word_1_151' title='bbox 1533 2603 1598 2681; x_wconf 86' lang='lat' dir='ltr'>scu</span> <span class='ocrx_word' id='word_1_152' title='bbox 1622 2600 1672 2677; x_wconf 86' lang='lat' dir='ltr'>de</span> <span class='ocrx_word' id='word_1_153' title='bbox 1700 2603 1828 2694; x_wconf 73' lang='lat' dir='ltr'>variis</span> 
     </span>
     <span class='ocr_line' id='line_1_18' title="bbox 120 2727 829 2828; baseline 0.007 -28"><span class='ocrx_word' id='word_1_154' title='bbox 120 2730 332 2828; x_wconf 87' lang='lat' dir='ltr'>pericarpii</span> <span class='ocrx_word' id='word_1_155' title='bbox 351 2728 567 2823; x_wconf 78' lang='lat' dir='ltr'>generibus</span> <span class='ocrx_word' id='word_1_156' title='bbox 590 2727 720 2803; x_wconf 79' lang='lat' dir='ltr'>sermo</span> <span class='ocrx_word' id='word_1_157' title='bbox 740 2727 829 2805; x_wconf 77' lang='lat' dir='ltr'>erit</span> 
     </span>
    </p>
   </div>
   <div class='ocr_carea' id='block_1_4' title="bbox 119 2907 1828 3135">
    <p class='ocr_par' dir='ltr' id='par_1_4' title="bbox 119 2907 1828 3135">
     <span class='ocr_line' id='line_1_19' title="bbox 208 2907 1828 3010; baseline 0.003 -22"><span class='ocrx_word' id='word_1_158' title='bbox 208 2907 409 3010; x_wconf 69' lang='lat' dir='ltr'>Respesbu</span> <span class='ocrx_word' id='word_1_159' title='bbox 423 2912 644 2987; x_wconf 84' lang='lat' dir='ltr'>vicinarum</span> <span class='ocrx_word' id='word_1_160' title='bbox 664 2913 788 3006; x_wconf 81' lang='lat' dir='ltr'>igitur</span> <span class='ocrx_word' id='word_1_161' title='bbox 798 2911 991 3009; x_wconf 82' lang='lat' dir='ltr'>partium,</span> <span class='ocrx_word' id='word_1_162' title='bbox 1017 2935 1106 2988; x_wconf 91' lang='lat' dir='ltr'>cum</span> <span class='ocrx_word' id='word_1_163' title='bbox 1124 2914 1265 2989; x_wconf 84' lang='lat' dir='ltr'>ovario</span> <span class='ocrx_word' id='word_1_164' title='bbox 1282 2909 1605 2999; x_wconf 76' lang='lat' dir='ltr'>coexistentium,</span> <span class='ocrx_word' id='word_1_165' title='bbox 1632 2911 1828 2993; x_wconf 71' lang='lat' dir='ltr'>Frudtum</span> 
     </span>
     <span class='ocr_line' id='line_1_20' title="bbox 119 3035 1547 3135; baseline 0.001 -22"><span class='ocrx_word' id='word_1_166' title='bbox 119 3040 343 3135; x_wconf 76' lang='lat' dir='ltr'>generatim</span> <span class='ocrx_word' id='word_1_167' title='bbox 365 3035 615 3135; x_wconf 88' lang='lat' dir='ltr'>dispescimus</span> <span class='ocrx_word' id='word_1_168' title='bbox 641 3038 680 3109; x_wconf 87' lang='lat' dir='ltr'>in</span> <span class='ocrx_word' id='word_1_169' title='bbox 705 3036 878 3124; x_wconf 91' lang='lat' dir='ltr'>nudum,</span> <span class='ocrx_word' id='word_1_170' title='bbox 904 3036 1071 3132; x_wconf 76' lang='lat' dir='ltr'>testum,</span> <span class='ocrx_word' id='word_1_171' title='bbox 1096 3052 1217 3134; x_wconf 89' lang='lat' dir='ltr'>atque</span> <span class='ocrx_word' id='word_1_172' title='bbox 1238 3039 1547 3115; x_wconf 73' lang='lat' dir='ltr'>involucrorum.</span> 
     </span>
    </p>
   </div>
   <div class='ocr_carea' id='block_1_5' title="bbox 109 3215 1829 4199">
    <p class='ocr_par' dir='ltr' id='par_1_5' title="bbox 109 3215 1829 4199">
     <span class='ocr_line' id='line_1_21' title="bbox 209 3215 1829 3320; baseline -0.001 -19"><span class='ocrx_word' id='word_1_173' title='bbox 209 3218 341 3301; x_wconf 80' lang='lat' dir='ltr'>Nudas</span> <span class='ocrx_word' id='word_1_174' title='bbox 354 3217 509 3297; x_wconf 71' lang='lat' dir='ltr'>frustus</span> <span class='ocrx_word' id='word_1_175' title='bbox 523 3215 780 3318; x_wconf 64' lang='lat' dir='ltr'>appellatur,</span> <span class='ocrx_word' id='word_1_176' title='bbox 804 3222 962 3316; x_wconf 88' lang='lat' dir='ltr'>quando</span> <span class='ocrx_word' id='word_1_177' title='bbox 980 3232 1066 3299; x_wconf 83' lang='lat' dir='ltr'>tota</span> <span class='ocrx_word' id='word_1_178' title='bbox 1081 3225 1213 3300; x_wconf 89' lang='lat' dir='ltr'>ovarii</span> <span class='ocrx_word' id='word_1_179' title='bbox 1233 3223 1362 3318; x_wconf 78' lang='lat' dir='ltr'>figura</span> <span class='ocrx_word' id='word_1_180' title='bbox 1381 3218 1552 3320; x_wconf 80' lang='lat' dir='ltr'>propria</span> <span class='ocrx_word' id='word_1_181' title='bbox 1572 3220 1701 3297; x_wconf 79' lang='lat' dir='ltr'>statim</span> <span class='ocrx_word' id='word_1_182' title='bbox 1725 3224 1829 3302; x_wconf 77' lang='lat' dir='ltr'>visui</span> 
     </span>
     <span class='ocr_line' id='line_1_22' title="bbox 112 3345 1826 3445; baseline -0.001 -19"><span class='ocrx_word' id='word_1_183' title='bbox 112 3346 208 3428; x_wconf 84' lang='lat' dir='ltr'>sese</span> <span class='ocrx_word' id='word_1_184' title='bbox 225 3346 371 3431; x_wconf 85' lang='lat' dir='ltr'>offert,</span> <span class='ocrx_word' id='word_1_185' title='bbox 398 3368 472 3421; x_wconf 89' lang='lat' dir='ltr'>nec</span> <span class='ocrx_word' id='word_1_186' title='bbox 491 3345 538 3419; x_wconf 88' lang='lat' dir='ltr'>ab</span> <span class='ocrx_word' id='word_1_187' title='bbox 557 3346 640 3419; x_wconf 86' lang='lat' dir='ltr'>ulla</span> <span class='ocrx_word' id='word_1_188' title='bbox 663 3357 776 3445; x_wconf 88' lang='lat' dir='ltr'>parte</span> <span class='ocrx_word' id='word_1_189' title='bbox 797 3360 991 3426; x_wconf 87' lang='lat' dir='ltr'>extranea</span> <span class='ocrx_word' id='word_1_190' title='bbox 1017 3352 1222 3434; x_wconf 86' lang='lat' dir='ltr'>comitata,</span> <span class='ocrx_word' id='word_1_191' title='bbox 1247 3360 1318 3422; x_wconf 85' lang='lat' dir='ltr'>aut</span> <span class='ocrx_word' id='word_1_192' title='bbox 1338 3350 1391 3421; x_wconf 88' lang='lat' dir='ltr'>ita</span> <span class='ocrx_word' id='word_1_193' title='bbox 1417 3346 1602 3422; x_wconf 84' lang='lat' dir='ltr'>obvelata</span> <span class='ocrx_word' id='word_1_194' title='bbox 1626 3348 1700 3434; x_wconf 90' lang='lat' dir='ltr'>est,</span> <span class='ocrx_word' id='word_1_195' title='bbox 1728 3351 1826 3444; x_wconf 85' lang='lat' dir='ltr'>quio</span> 
     </span>
     <span class='ocr_line' id='line_1_23' title="bbox 114 3467 1828 3573; baseline -0.001 -24"><span class='ocrx_word' id='word_1_196' title='bbox 114 3475 161 3549; x_wconf 86' lang='lat' dir='ltr'>ad</span> <span class='ocrx_word' id='word_1_197' title='bbox 178 3474 288 3549; x_wconf 86' lang='lat' dir='ltr'>bafin</span> <span class='ocrx_word' id='word_1_198' title='bbox 306 3467 428 3567; x_wconf 86' lang='lat' dir='ltr'>usque</span> <span class='ocrx_word' id='word_1_199' title='bbox 447 3468 572 3563; x_wconf 84' lang='lat' dir='ltr'>suam,</span> <span class='ocrx_word' id='word_1_200' title='bbox 597 3472 870 3569; x_wconf 65' lang='lat' dir='ltr'>vesanaque,</span> <span class='ocrx_word' id='word_1_201' title='bbox 895 3477 963 3551; x_wconf 88' lang='lat' dir='ltr'>vel</span> <span class='ocrx_word' id='word_1_202' title='bbox 984 3475 1032 3553; x_wconf 90' lang='lat' dir='ltr'>ab</span> <span class='ocrx_word' id='word_1_203' title='bbox 1055 3498 1136 3552; x_wconf 89' lang='lat' dir='ltr'>uno</span> <span class='ocrx_word' id='word_1_204' title='bbox 1151 3475 1285 3550; x_wconf 86' lang='lat' dir='ltr'>saltem</span> <span class='ocrx_word' id='word_1_205' title='bbox 1307 3474 1451 3558; x_wconf 88' lang='lat' dir='ltr'>latere,</span> <span class='ocrx_word' id='word_1_206' title='bbox 1481 3476 1642 3571; x_wconf 91' lang='lat' dir='ltr'>penitus</span> <span class='ocrx_word' id='word_1_207' title='bbox 1656 3473 1828 3573; x_wconf 81' lang='lat' dir='ltr'>conspici</span> 
     </span>
     <span class='ocr_line' id='line_1_24' title="bbox 112 3595 1825 3704; baseline 0 -28"><span class='ocrx_word' id='word_1_208' title='bbox 112 3599 246 3704; x_wconf 82' lang='lat' dir='ltr'>possit:</span> <span class='ocrx_word' id='word_1_209' title='bbox 274 3601 379 3675; x_wconf 84' lang='lat' dir='ltr'>ut&#39;in</span> <span class='ocrx_word' id='word_1_210' title='bbox 398 3595 562 3690; x_wconf 87' lang='lat' dir='ltr'>Ceraso‚</span> <span class='ocrx_word' id='word_1_211' title='bbox 586 3596 743 3683; x_wconf 86' lang='lat' dir='ltr'>Lauro,</span> <span class='ocrx_word' id='word_1_212' title='bbox 769 3599 896 3685; x_wconf 86' lang='lat' dir='ltr'>Lilio,</span> <span class='ocrx_word' id='word_1_213' title='bbox 922 3599 1051 3679; x_wconf 87' lang='lat' dir='ltr'>Galio.</span> <span class='ocrx_word' id='word_1_214' title='bbox 1101 3596 1239 3697; x_wconf 90' lang='lat' dir='ltr'>Hujus</span> <span class='ocrx_word' id='word_1_215' title='bbox 1256 3599 1331 3675; x_wconf 89' lang='lat' dir='ltr'>ioci</span> <span class='ocrx_word' id='word_1_216' title='bbox 1352 3599 1468 3698; x_wconf 86' lang='lat' dir='ltr'>plura</span> <span class='ocrx_word' id='word_1_217' title='bbox 1486 3621 1647 3694; x_wconf 88' lang='lat' dir='ltr'>quoque</span> <span class='ocrx_word' id='word_1_218' title='bbox 1669 3596 1745 3675; x_wconf 87' lang='lat' dir='ltr'>else</span> <span class='ocrx_word' id='word_1_219' title='bbox 1767 3600 1825 3676; x_wconf 87' lang='lat' dir='ltr'>se·</span> 
     </span>
     <span class='ocr_line' id='line_1_25' title="bbox 111 3720 1824 3822; baseline -0.002 -20"><span class='ocrx_word' id='word_1_220' title='bbox 111 3729 217 3802; x_wconf 86' lang='lat' dir='ltr'>mina</span> <span class='ocrx_word' id='word_1_221' title='bbox 226 3724 284 3801; x_wconf 86' lang='lat' dir='ltr'>fic</span> <span class='ocrx_word' id='word_1_222' title='bbox 298 3722 397 3800; x_wconf 74' lang='lat' dir='ltr'>dista</span> <span class='ocrx_word' id='word_1_223' title='bbox 411 3720 540 3804; x_wconf 90' lang='lat' dir='ltr'>nuda,</span> <span class='ocrx_word' id='word_1_224' title='bbox 566 3722 705 3821; x_wconf 87' lang='lat' dir='ltr'>sponte</span> <span class='ocrx_word' id='word_1_225' title='bbox 721 3727 977 3822; x_wconf 78' lang='lat' dir='ltr'>intelligitur3</span> <span class='ocrx_word' id='word_1_226' title='bbox 1002 3738 1045 3803; x_wconf 87' lang='lat' dir='ltr'>at</span> <span class='ocrx_word' id='word_1_227' title='bbox 1057 3750 1174 3809; x_wconf 87' lang='lat' dir='ltr'>cave,</span> <span class='ocrx_word' id='word_1_228' title='bbox 1190 3748 1244 3801; x_wconf 89' lang='lat' dir='ltr'>ne</span> <span class='ocrx_word' id='word_1_229' title='bbox 1261 3747 1380 3799; x_wconf 90' lang='lat' dir='ltr'>omne</span> <span class='ocrx_word' id='word_1_230' title='bbox 1396 3722 1824 3816; x_wconf 86' lang='lat' dir='ltr'>femennudum,idem</span> 
     </span>
     <span class='ocr_line' id='line_1_26' title="bbox 111 3843 1825 3948; baseline -0.001 -21"><span class='ocrx_word' id='word_1_231' title='bbox 111 3853 276 3938; x_wconf 87' lang='lat' dir='ltr'>credas,</span> <span class='ocrx_word' id='word_1_232' title='bbox 301 3861 423 3945; x_wconf 84' lang='lat' dir='ltr'>abque</span> <span class='ocrx_word' id='word_1_233' title='bbox 444 3843 618 3924; x_wconf 70' lang='lat' dir='ltr'>frustum</span> <span class='ocrx_word' id='word_1_234' title='bbox 638 3848 808 3943; x_wconf 89' lang='lat' dir='ltr'>nudum,</span> <span class='ocrx_word' id='word_1_235' title='bbox 834 3873 926 3924; x_wconf 86' lang='lat' dir='ltr'>nam</span> <span class='ocrx_word' id='word_1_236' title='bbox 949 3851 1056 3926; x_wconf 88' lang='lat' dir='ltr'>solus</span> <span class='ocrx_word' id='word_1_237' title='bbox 1077 3847 1256 3926; x_wconf 74' lang='lat' dir='ltr'>desectus</span> <span class='ocrx_word' id='word_1_238' title='bbox 1278 3851 1486 3948; x_wconf 88' lang='lat' dir='ltr'>pericarpii</span> <span class='ocrx_word' id='word_1_239' title='bbox 1511 3850 1708 3947; x_wconf 91' lang='lat' dir='ltr'>conspicui</span> <span class='ocrx_word' id='word_1_240' title='bbox 1731 3850 1825 3926; x_wconf 78' lang='lat' dir='ltr'>facit</span> 
     </span>
     <span class='ocr_line' id='line_1_27' title="bbox 110 3973 1822 4075; baseline -0.002 -19"><span class='ocrx_word' id='word_1_241' title='bbox 110 3977 244 4056; x_wconf 86' lang='lat' dir='ltr'>semen</span> <span class='ocrx_word' id='word_1_242' title='bbox 259 3978 434 4054; x_wconf 86' lang='lat' dir='ltr'>nudum:</span> <span class='ocrx_word' id='word_1_243' title='bbox 460 3974 635 4067; x_wconf 84' lang='lat' dir='ltr'>adeoque</span> <span class='ocrx_word' id='word_1_244' title='bbox 650 3975 801 4051; x_wconf 88' lang='lat' dir='ltr'>nudum</span> <span class='ocrx_word' id='word_1_245' title='bbox 821 3977 857 4052; x_wconf 93' lang='lat' dir='ltr'>id</span> <span class='ocrx_word' id='word_1_246' title='bbox 871 3975 948 4052; x_wconf 82' lang='lat' dir='ltr'>elle</span> <span class='ocrx_word' id='word_1_247' title='bbox 966 3975 1111 4075; x_wconf 89' lang='lat' dir='ltr'>potest,</span> <span class='ocrx_word' id='word_1_248' title='bbox 1134 3978 1321 4072; x_wconf 83' lang='lat' dir='ltr'>quamvis</span> <span class='ocrx_word' id='word_1_249' title='bbox 1340 3974 1388 4050; x_wconf 89' lang='lat' dir='ltr'>ab</span> <span class='ocrx_word' id='word_1_250' title='bbox 1401 3973 1488 4049; x_wconf 81' lang='lat' dir='ltr'>aliis</span> <span class='ocrx_word' id='word_1_251' title='bbox 1500 3977 1679 4073; x_wconf 84' lang='lat' dir='ltr'>partibus</span> <span class='ocrx_word' id='word_1_252' title='bbox 1694 3978 1822 4052; x_wconf 83' lang='lat' dir='ltr'>occul·</span> 
     </span>
     <span class='ocr_line' id='line_1_28' title="bbox 109 4097 1822 4199; baseline -0.001 -18"><span class='ocrx_word' id='word_1_253' title='bbox 109 4113 260 4191; x_wconf 76' lang='lat' dir='ltr'>toturn,</span> <span class='ocrx_word' id='word_1_254' title='bbox 288 4118 335 4181; x_wconf 87' lang='lat' dir='ltr'>ut</span> <span class='ocrx_word' id='word_1_255' title='bbox 349 4099 681 4197; x_wconf 82' lang='lat' dir='ltr'>Lithagrostidis,</span> <span class='ocrx_word' id='word_1_256' title='bbox 710 4098 894 4189; x_wconf 81' lang='lat' dir='ltr'>Xanthii,</span> <span class='ocrx_word' id='word_1_257' title='bbox 920 4099 1127 4199; x_wconf 82' lang='lat' dir='ltr'>Scolymi;</span> <span class='ocrx_word' id='word_1_258' title='bbox 1150 4100 1216 4178; x_wconf 89' lang='lat' dir='ltr'>sed</span> <span class='ocrx_word' id='word_1_259' title='bbox 1233 4097 1389 4176; x_wconf 73' lang='lat' dir='ltr'>frustm</span> <span class='ocrx_word' id='word_1_260' title='bbox 1412 4098 1546 4176; x_wconf 86' lang='lat' dir='ltr'>nudus</span> <span class='ocrx_word' id='word_1_261' title='bbox 1569 4124 1731 4179; x_wconf 90' lang='lat' dir='ltr'>omnem</span> <span class='ocrx_word' id='word_1_262' title='bbox 1755 4127 1822 4179; x_wconf 89' lang='lat' dir='ltr'>oc·</span> 
     </span>
    </p>
   </div>
   <div class='ocr_carea' id='block_1_6' title="bbox 109 4229 554 4328">
    <p class='ocr_par' dir='ltr' id='par_1_6' title="bbox 109 4229 554 4328">
     <span class='ocr_line' id='line_1_29' title="bbox 109 4229 554 4328; baseline -0.007 -22"><span class='ocrx_word' id='word_1_263' title='bbox 109 4232 374 4308; x_wconf 86' lang='lat' dir='ltr'>cultationem</span> <span class='ocrx_word' id='word_1_264' title='bbox 392 4229 554 4328; x_wconf 77' lang='lat' dir='ltr'>respuit</span> 
     </span>
    </p>
   </div>
   <div class='ocr_carea' id='block_1_7' title="bbox 106 4405 1824 4990">
    <p class='ocr_par' dir='ltr' id='par_1_7' title="bbox 106 4405 1824 4990">
     <span class='ocr_line' id='line_1_30' title="bbox 208 4405 1823 4510; baseline -0.002 -19"><span class='ocrx_word' id='word_1_265' title='bbox 208 4409 337 4491; x_wconf 68' lang='lat' dir='ltr'>Tabia</span> <span class='ocrx_word' id='word_1_266' title='bbox 356 4411 517 4504; x_wconf 83' lang='lat' dir='ltr'>dicitur,</span> <span class='ocrx_word' id='word_1_267' title='bbox 542 4432 634 4486; x_wconf 91' lang='lat' dir='ltr'>cum</span> <span class='ocrx_word' id='word_1_268' title='bbox 655 4411 839 4486; x_wconf 89' lang='lat' dir='ltr'>ovarium</span> <span class='ocrx_word' id='word_1_269' title='bbox 856 4433 879 4484; x_wconf 89' lang='lat' dir='ltr'>a</span> <span class='ocrx_word' id='word_1_270' title='bbox 899 4411 991 4486; x_wconf 88' lang='lat' dir='ltr'>solis</span> <span class='ocrx_word' id='word_1_271' title='bbox 1004 4409 1188 4509; x_wconf 87' lang='lat' dir='ltr'>partibus</span> <span class='ocrx_word' id='word_1_272' title='bbox 1211 4405 1303 4486; x_wconf 88' lang='lat' dir='ltr'>flori</span> <span class='ocrx_word' id='word_1_273' title='bbox 1325 4411 1503 4510; x_wconf 88' lang='lat' dir='ltr'>propriis</span> <span class='ocrx_word' id='word_1_274' title='bbox 1523 4411 1576 4484; x_wconf 88' lang='lat' dir='ltr'>ita</span> <span class='ocrx_word' id='word_1_275' title='bbox 1603 4409 1823 4507; x_wconf 84' lang='lat' dir='ltr'>obtegitur,</span> 
     </span>
     <span class='ocr_line' id='line_1_31' title="bbox 106 4533 1824 4639; baseline 0.003 -27"><span class='ocrx_word' id='word_1_276' title='bbox 106 4547 153 4613; x_wconf 88' lang='lat' dir='ltr'>ut</span> <span class='ocrx_word' id='word_1_277' title='bbox 176 4560 292 4614; x_wconf 88' lang='lat' dir='ltr'>nunc</span> <span class='ocrx_word' id='word_1_278' title='bbox 313 4533 459 4635; x_wconf 87' lang='lat' dir='ltr'>major,</span> <span class='ocrx_word' id='word_1_279' title='bbox 485 4558 594 4611; x_wconf 89' lang='lat' dir='ltr'>nunc</span> <span class='ocrx_word' id='word_1_280' title='bbox 618 4539 752 4611; x_wconf 89' lang='lat' dir='ltr'>minor</span> <span class='ocrx_word' id='word_1_281' title='bbox 777 4537 876 4612; x_wconf 89' lang='lat' dir='ltr'>visui</span> <span class='ocrx_word' id='word_1_282' title='bbox 897 4535 1027 4612; x_wconf 78' lang='lat' dir='ltr'>aditus</span> <span class='ocrx_word' id='word_1_283' title='bbox 1053 4535 1102 4612; x_wconf 87' lang='lat' dir='ltr'>ad</span> <span class='ocrx_word' id='word_1_284' title='bbox 1123 4536 1222 4613; x_wconf 89' lang='lat' dir='ltr'>istud</span> <span class='ocrx_word' id='word_1_285' title='bbox 1247 4545 1398 4636; x_wconf 83' lang='lat' dir='ltr'>pateat,</span> <span class='ocrx_word' id='word_1_286' title='bbox 1432 4557 1508 4609; x_wconf 89' lang='lat' dir='ltr'>nec</span> <span class='ocrx_word' id='word_1_287' title='bbox 1529 4548 1661 4615; x_wconf 88' lang='lat' dir='ltr'>tamen</span> <span class='ocrx_word' id='word_1_288' title='bbox 1685 4551 1824 4639; x_wconf 87' lang='lat' dir='ltr'>partes</span> 
     </span>
     <span class='ocr_line' id='line_1_32' title="bbox 107 4656 1821 4762; baseline 0.002 -25"><span class='ocrx_word' id='word_1_289' title='bbox 107 4662 212 4749; x_wconf 83' lang='lat' dir='ltr'>isiae,</span> <span class='ocrx_word' id='word_1_290' title='bbox 240 4686 331 4738; x_wconf 90' lang='lat' dir='ltr'>cum</span> <span class='ocrx_word' id='word_1_291' title='bbox 343 4667 503 4747; x_wconf 87' lang='lat' dir='ltr'>ovario,</span> <span class='ocrx_word' id='word_1_292' title='bbox 534 4672 626 4738; x_wconf 87' lang='lat' dir='ltr'>ante</span> <span class='ocrx_word' id='word_1_293' title='bbox 638 4663 1010 4760; x_wconf 81' lang='lat' dir='ltr'>impraegnationem</span> <span class='ocrx_word' id='word_1_294' title='bbox 1027 4662 1159 4748; x_wconf 90' lang='lat' dir='ltr'>suam,</span> <span class='ocrx_word' id='word_1_295' title='bbox 1182 4656 1263 4757; x_wconf 88' lang='lat' dir='ltr'>jam</span> <span class='ocrx_word' id='word_1_296' title='bbox 1275 4660 1615 4747; x_wconf 83' lang='lat' dir='ltr'>suerintcoalitae,</span> <span class='ocrx_word' id='word_1_297' title='bbox 1640 4667 1821 4762; x_wconf 85' lang='lat' dir='ltr'>utcalyx</span> 
     </span>
     <span class='ocr_line' id='line_1_33' title="bbox 107 4777 1820 4885; baseline 0.003 -24"><span class='ocrx_word' id='word_1_298' title='bbox 107 4790 148 4862; x_wconf 90' lang='lat' dir='ltr'>in</span> <span class='ocrx_word' id='word_1_299' title='bbox 172 4789 364 4864; x_wconf 88' lang='lat' dir='ltr'>omnibus</span> <span class='ocrx_word' id='word_1_300' title='bbox 383 4785 579 4864; x_wconf 69' lang='lat' dir='ltr'>fructibus</span> <span class='ocrx_word' id='word_1_301' title='bbox 601 4787 753 4863; x_wconf 73' lang='lat' dir='ltr'>inferls</span> <span class='ocrx_word' id='word_1_302' title='bbox 801 4784 1025 4863; x_wconf 87' lang='lat' dir='ltr'>Commode</span> <span class='ocrx_word' id='word_1_303' title='bbox 1051 4777 1311 4866; x_wconf 83' lang='lat' dir='ltr'>subdividitur</span> <span class='ocrx_word' id='word_1_304' title='bbox 1341 4788 1381 4863; x_wconf 90' lang='lat' dir='ltr'>in</span> <span class='ocrx_word' id='word_1_305' title='bbox 1409 4788 1587 4867; x_wconf 87' lang='lat' dir='ltr'>velatum</span> <span class='ocrx_word' id='word_1_306' title='bbox 1610 4798 1730 4885; x_wconf 84' lang='lat' dir='ltr'>atque</span> <span class='ocrx_word' id='word_1_307' title='bbox 1754 4801 1820 4866; x_wconf 87' lang='lat' dir='ltr'>tu·</span> 
     </span>
     <span class='ocr_line' id='line_1_34' title="bbox 107 4917 301 4990; baseline 0.021 -4"><span class='ocrx_word' id='word_1_308' title='bbox 107 4917 301 4990; x_wconf 71' lang='lat' dir='ltr'>nicarum.</span> 
     </span>
    </p>
   </div>
   <div class='ocr_carea' id='block_1_8' title="bbox 933 5008 1817 5118">
    <p class='ocr_par' dir='ltr' id='par_1_8' title="bbox 933 5008 1817 5118">
     <span class='ocr_line' id='line_1_35' title="bbox 933 5008 1817 5118; baseline -0.001 -37"><span class='ocrx_word' id='word_1_309' title='bbox 933 5010 947 5081; x_wconf 76' lang='grc' dir='ltr'><strong>ἱ</strong></span> <span class='ocrx_word' id='word_1_310' title='bbox 973 5026 996 5082; x_wconf 82' lang='lat'><em>2</em></span> <span class='ocrx_word' id='word_1_311' title='bbox 1264 5115 1267 5118; x_wconf 18' lang='grc'>1</span> <span class='ocrx_word' id='word_1_312' title='bbox 1672 5010 1715 5087; x_wconf 86' lang='lat' dir='ltr'><em>V</em></span> <span class='ocrx_word' id='word_1_313' title='bbox 1708 5008 1817 5087; x_wconf 70' lang='lat' dir='ltr'>elusus</span> 
     </span>
    </p>
   </div>
   <div class='ocr_carea' id='block_1_9' title="bbox 0 0 2288 5959">
    <p class='ocr_par' dir='ltr' id='par_1_9' title="bbox 0 0 2288 5959">
     <span class='ocr_line' id='line_1_36' title="bbox 0 0 2288 5959; baseline 0 6"><span class='ocrx_word' id='word_1_314' title='bbox 0 0 2288 5959; x_wconf 95' lang='lat' dir='ltr'> </span> 
     </span>
    </p>
   </div>
  </div>
 </body>
</html>
