4567 5959
807 545 1110 602 a
1732 566 1809 618 xm

112 745 206 821 deut
224 747 436 832 uicarium:
460 745 619 843 &quod
639 746 719 848 ipse
735 744 990 827 Lrnnnus
1015 747 1106 850 (1),
1131 756 1267 826 ortum
1288 747 1441 851 pistilli,
1474 749 1638 848 lignosae
1655 752 1806 853 planta·

111 895 207 948 rum
229 872 450 949 ‘substantiae
475 876 569 951 olim
588 876 843 976 adscripserit.
909 876 1147 973 Quicunque
1173 880 1297 973 igitur
1326 878 1414 952 haec
1435 882 1588 972 omnia,
1630 875 1758 957 libero
1785 907 1810 957 a

112 995 355 1098 praejndiciis
374 1003 634 1100 perpenderit
645 1005 799 1087 animo,
830 1011 949 1097 atque
972 1006 1146 1101 partium
1164 1000 1477 1082 fructificationis
1494 1010 1647 1082 varium
1671 1008 1806 1093 litum,

112 1125 284 1200 sormam
306 1137 424 1220 atque
449 1127 735 1202 consistentiam
753 1133 916 1203 attentis
940 1128 1213 1206 oculisiuerit
1232 1133 1421 1214 rimatus,
1458 1130 1571 1206 facile
1593 1136 1810 1207 convince·

113 1262 203 1344 tur,
230 1255 267 1325 in
290 1255 476 1328 omnibus
502 1257 708 1330 variarum
736 1257 907 1352 reperiri
924 1253 1223 1329 substantiarum
1246 1256 1466 1339 miscelam,
1499 1279 1544 1331 ac
1572 1278 1719 1333 novam
1742 1257 1812 1333 de·

112 1360 230 1460 bere,
263 1381 386 1459 iniis,
419 1378 551 1453 locum
569 1380 716 1456 habere
731 1384 904 1478 partium
927 1381 1273 1473 organisationem,
1309 1376 1423 1476 cujus
1443 1380 1573 1479 prima
1595 1383 1813 1477 scaturigo,

54 1584 57 1588 ,
113 1506 347 1596 neutiquam
370 1506 411 1576 in
425 1504 689 1584 determinato
704 1506 874 1599 quodam
895 1509 1097 1579 communi
1119 1509 1292 1592 viscere,
1322 1507 1403 1592 sed,
1428 1507 1812 1584 uti'luculentiliime

113 1628 435 1704 Hunwrorus
459 1627 538 1725 (a)
565 1630 819 1714 monstravit,
848 1634 884 1704 in
904 1632 1102 1729 spiralium
1136 1633 1321 1707 vasorum
1351 1642 1547 1708 contextu
1570 1632 1813 1732 potiilimum

113 1754 333 1849 quaerenda
355 1752 412 1829 lit,
467 1753 612 1830 lisdem
640 1755 819 1849 igitur&
840 1753 1032 1830 Pistillum
1058 1756 1098 1831 δι
1120 1752 1283 1831 Stamen
1318 1756 1512 1831 srunntur
1542 1760 1813 1853 incunabulis,
1907 1731 1913 1744 Ι

115 1901 162 1953 ac
181 1890 312 1954 totum
334 1861 559 1965 discrimen,
585 1882 690 1976 quod
715 1879 907 1975 sigillatim
931 1881 1194 1955 seminearum
1213 1883 1385 1980 partium
1402 1892 1538 1957 ortum
1557 1894 1816 1982 apparentem

115 2002 281 2103 spedtat,
306 2030 356 2079 eo
375 2006 495 2091 redit,
521 2010 620 2081 utin
640 2007 807 2081 floribus
823 2008 973 2106 superis
994 2010 1179 2083 ovarium
1191 2029 1246 2081 ex
1268 2007 1469 2083 manifesta
1487 2011 1648 2084 corticis
1665 2009 1816 2103 &ligni

115 2131 280 2204 miscela
297 2129 519 2217 formetur:
564 2133 667 2207 idem
689 2156 791 2208 vero
814 2136 852 2205 in
875 2132 1056 2208 inseriae
1086 2134 1272 2231 peculiari
1294 2131 1531 2231 receptaculi
1552 2137 1704 2230 proprii
1728 2134 1824 2208 sub&

115 2253 258 2329 stantia
279 2258 463 2354 prodeat,
494 2282 539 2331 ac
560 2261 598 2331 in
622 2268 796 2352 utroque
815 2259 920 2340 calu,
952 2267 1083 2332 totum
1102 2280 1193 2331 cum
1217 2259 1402 2333 omnibus
1416 2258 1493 2333 suis
1515 2264 1732 2344 contentis,
1757 2262 1814 2335 se·

116 2383 292 2457 cundum
312 2384 569 2481 epigeneseos
586 2384 717 2478 leges,
742 2383 918 2459 struatur
932 2405 1097 2458 novum.
1182 2435 1185 2440 -

179 2567 190 2575 ’
217 2593 479 2689 Quaecunque
501 2592 731 2686 autemf'smt
747 2595 854 2668 initia
868 2594 1016 2678 ovarii,
1044 2587 1189 2687 justam
1209 2591 1315 2667 suam
1330 2592 1499 2667 sormam
1517 2613 1601 2665 non
1619 2592 1689 2666 nili
1707 2593 1816 2667 lente

118 2719 353 2816 adipiscitur
371 2718 558 2795 &totum
581 2716 669 2816 ejus
686 2723 994 2801 incrementum,
1029 2717 1237 2793 commode
1252 2721 1290 2789 in
1307 2731 1393 2792 tres
1412 2715 1609 2792 distindtas
1626 2719 1817 2817 periodos

120 2844 244 2920 dividi
270 2844 410 2944 potest.
462 2844 566 2921 Cum
586 2868 732 2944 nempe
753 2848 926 2944 primum
954 2846 994 2917 in
1019 2840 1270 2941 conspectum
1292 2847 1423 2928 venit,
1473 2846 1629 2917 interna
1650 2839 1737 2939 ejus
1762 2843 1817 2917 fa-

119 2971 247 3054 brica,
281 2971 452 3068 rudiss&
476 2970 660 3066 indigesta
682 2972 809 3046 moles
827 2969 901 3055 est,
935 2972 974 3043 in
1000 2991 1077 3063 qua
1096 2980 1248 3068 praeter
1269 2969 1470 3045 uniforme
1494 2970 1534 3044 dt
1560 2969 1665 3063 quali
1682 2970 1820 3043 bomo·

119 3118 296 3190 geneum
325 3096 612 3194 parenchyma,
644 3097 742 3170 ninii
765 3094 898 3171 strudi
920 3096 960 3170 dr
988 3098 1027 3169 in
1049 3095 1213 3169 futuros
1231 3096 1324 3170 usus
1346 3097 1535 3176 ordinati,
1579 3095 1648 3170 vel
1671 3097 1821 3193 optime

119 3225 285 3297 armatis
300 3223 427 3296 oculis
448 3223 678 3296 discernere
701 3244 842 3317 queas:
868 3223 975 3295 hunc
990 3223 1182 3320 primum,
1209 3218 1377 3315 Infantia
1400 3220 1540 3294 statum
1556 3211 1819 3317 appellamus,

112 3371 203 3442 *quo
223 3347 410 3445 durante,
459 3357 628 3423 externa
651 3347 782 3421 saltem
810 3350 941 3422 ovarii
963 3348 1202 3420 lineamenta
1230 3347 1532 3429 adumbrantur,
1573 3346 1696 3446 ipsum
1719 3368 1820 3418 vero

121 3472 169 3547 ad
193 3477 492 3572 conceptionem
511 3471 685 3546 nondum
701 3483 837 3570 aptum
860 3473 925 3550 est:
977 3472 1021 3545 ln
1041 3473 1167 3545 altera
1189 3471 1373 3569 periodo,
1399 3493 1481 3545 non
1498 3471 1620 3544 solum
1637 3469 1821 3542 universa
1842 3519 1848 3528 -

119 3602 229 3672 uteri
255 3619 467 3696 compages
490 3600 736 3691 aliquantum
758 3609 944 3692 angetur,
1000 3597 1061 3672 sed
1093 3594 1333 3694 potillimum
1360 3618 1519 3689 quoque
1552 3598 1705 3668 interna
1732 3589 1821 3688 ejus

121 3724 331 3799 substantia
351 3727 477 3815 magis
500 3720 746 3807 elaboratur,
774 3726 865 3798 dum
885 3725 959 3797 scil.
975 3726 1013 3796 in
1036 3724 1401 3795 concamerationes
1416 3721 1646 3818 conspicuas
1668 3718 1819 3800 secedit,

119 3850 161 3933 ,ἃ
187 3852 225 3923 in
252 3850 328 3924 illis
349 3848 585 3950 cavitatibus
613 3847 775 3924 distincti
793 3850 942 3944 globuli
963 3850 988 3928 s.
1010 3845 1129 3921 ovula
1155 3847 1468 3938 subnascuntur,
1505 3845 1544 3918 δι
1567 3844 1656 3920 vasa
1670 3844 1819 3916 umbili-

122 3976 222 4049 oalia
242 3973 377 4072 sensim
399 3974 642 4058 formantur,
686 3974 724 4048 ὅ(
743 3974 886 4071 copiosr
902 3974 1086 4070 partibus,
1100 3970 1272 4045 affluunt
1290 3972 1417 4055 succi,
1440 3979 1487 4044 ut
1502 3969 1570 4044 vel
1590 3970 1712 4067 ipsum
1731 3968 1819 4063 stig-

122 4125 187 4175 ma
205 4123 301 4173 rore
316 4101 487 4174 madeat:
513 4100 576 4172 hic
590 4101 734 4172 merito
759 4094 964 4172 Puberlutr‘s
986 4096 1129 4170 dicitur
1144 4094 1284 4181 status,
1310 4099 1403 4190 quia
1424 4095 1666 4169 soecundatio
1687 4095 1821 4168 locum

122 4225 272 4298 habere
289 4226 437 4321 potest,
472 4223 629 4298 simulac
649 4224 769 4298 ovula
790 4224 995 4320 propriam
1018 4219 1130 4295 nasta
1152 4222 1302 4295 fuerint
1323 4222 1505 4316 liguram.
1554 4217 1692 4293 Tertia
1712 4221 1820 4297 deni-

34 4333 40 4344 ’
122 4373 203 4444 que
225 4351 415 4448 periodus
434 4351 481 4423 ab
497 4351 575 4447 ipsa
589 4348 884 4423 soecundatione
903 4349 1059 4444 incipit,
1092 4347 1131 4420 dc
1156 4349 1194 4419 in
1217 4348 1374 4443 plenam
1391 4367 1523 4440 usque
1547 4345 1666 4419 durat
1691 4348 1822 4422 ovarii

121 4478 453 4549 maturationem:
490 4474 578 4548 ideo
610 4474 717 4547 hunc
745 4494 939 4550 vocamus
962 4469 1204 4546 Graviditutir
1231 4473 1255 4546 s.
1280 4468 1565 4575 Groffificuiionis
1590 4470 1752 4553 statum,
1784 4472 1824 4543 in

122 4623 206 4695 quo
230 4619 469 4697 permanens
491 4599 708 4673 absolvitur
731 4601 857 4673 ovarii
882 4598 1010 4671 sonna
1032 4598 1071 4671 ὃ(
1091 4617 1233 4671 omnes
1256 4592 1343 4691 ejus
1365 4608 1500 4694 partes
1525 4596 1683 4690 plenum
1712 4596 1825 4670 suum

121 4725 402 4823 adipiscuntur
426 4726 726 4798 incrementum.
781 4723 959 4797 Ultimus
980 4722 1044 4797 hic
1063 4721 1206 4813 status,
1244 4723 1409 4815 reliquis
1429 4716 1642 4819 perfettior
1664 4721 1822 4795 censen-

167 4951 213 5028 r.)
236 4952 367 5026 Amoen.
390 4945 470 5008 acad.
490 4965 511 5010 ι.
531 4965 560 5028 p.
576 4962 641 5021 374.
1028 4948 1078 5030 a.)
1101 4949 1204 5032 Leipz.
1220 4948 1335 5026 Magoa.
1350 4957 1427 5023 1782.
1441 4958 1504 5016 :res
1519 4942 1619 5005 Stiick.
1750 4843 1825 4917 dus

871 5145 875 5152 ,
986 5049 1012 5129 f
