4567 5959
792 587 797 601 .
865 590 872 601 .
1035 588 1100 603 ,,,..
1499 530 1503 533 ’
1702 554 1795 603 nvn

198 754 346 828 Rarius
367 759 452 826 tota
473 753 650 826 machina
670 757 906 847 vegetabilis
932 756 1268 830 asoecundatione
1292 755 1480 850 aflicitur,
1522 769 1794 858 praeterquam

111 886 146 954 in
168 884 288 957 variis
316 880 461 977 plantis
489 882 652 963 annuis,
689 902 780 973 quae
804 882 906 979 saepe
929 880 1055 954 statim
1079 882 1174 978 post·
1199 884 1416 956 celebratas
1444 887 1627 983 nuptia&
1673 887 1794 961 celeri
1834 979 1838 987 Ι

110 1005 230 1100 gressu
254 1007 302 1080 ad
326 1010 420 1081 vitae
449 1007 528 1080 suae
554 1009 771 1081 terminum
799 1015 1021 1105 properant
1049 1019 1089 1081 et
1114 1008 1307 1102 languore
1339 1031 1413 1106 per
1450 1017 1581 1085 omnia
1617 1015 1795 1086 membra

109 1131 240 1206 diffuso
262 1134 556 1228 corripiuntur:
600 1143 741 1206 contra
764 1145 899 1207 autem
920 1157 943 1204 a
962 1134 1116 1223 negatis
1140 1138 1290 1233 nuptiis
1316 1157 1601 1229 nonnunquam
1628 1141 1667 1210 in
1698 1140 1795 1212 alte·

109 1280 191 1330 rum
212 1279 361 1331 annum
388 1263 511 1332 vitam
536 1259 788 1354 protrahunt.
846 1259 1119 1353 Frequentius
1143 1281 1261 1354 vero,
1297 1283 1378 1334 non
1407 1264 1458 1335 ita
1484 1264 1562 1337 late
1582 1264 1704 1361 serpit
1731 1234 1811 1339 vi·³

108 1404 194 1463 rus,
233 1384 297 1458 sed
320 1387 358 1456 in
381 1385 495 1459 ssoris
517 1387 659 1459 vicinia
685 1385 863 1468 subsistit,
903 1385 1007 1459 unde
1028 1385 1094 1459 vei
1114 1386 1218 1458 solos
1238 1388 1486 1484 pedunculos
1511 1411 1616 1462 nunc
1640 1389 1794 1462 insolito

106 1533 213 1583 more
235 1514 364 1603 erigi,
407 1533 514 1582 nunc
536 1510 719 1609 deprimi,
761 1535 867 1586 nunc
896 1510 1040 1585 inssesii
1067 1521 1109 1585 et
1132 1535 1239 1587 nunc
1266 1517 1542 1614 contorqueri;
1590 1516 1656 1589 vel
1677 1517 1796 1590 etiam

106 1637 194 1710 alias
220 1640 429 1733 proximas
456 1645 592 1732 partes
612 1638 881 1710 inconsuetum
903 1650 1162 1730 augmentum
1184 1631 1326 1737 capere
1348 1640 1542 1715 videmus.
1606 1639 1797 1715 Omnium

106 1774 228 1838 autem
251 1762 564 1855 frequentissime
592 1766 632 1835 in
654 1764 735 1837 solo
756 1763 859 1838 ilore
879 1763 1186 1838 soecundationis
1208 1762 1374 1839 essesius
1395 1765 1681 1847 manifestatur,
1707 1788 1798 1839 cum

105 1888 173 1961 scil.
195 1889 312 1964 brevi
338 1888 443 1984 post,
470 1889 634 1963 corollae
656 1889 775 1963 decor
796 1892 919 1988 perit,
946 1911 1071 1982 eaque
1088 1890 1248 1974 decidit,
1282 1892 1442 1965 stamina
1462 1895 1578 1965 etiam
1597 1890 1796 1976 deiluunt,

107 2013 301 2107 &stigma
327 2017 544 2103 exarescit,
592 2018 689 2108 quin
714 2016 792 2115 ipse
811 2015 939 2110 stylus
964 2016 1068 2090 haud
1098 2039 1193 2090 raro
1221 2016 1423 2100 aboletur,
1463 1999 1541 2101 itas
1566 2027 1611 2090 ut
1637 2017 1685 2091 de
1709 2027 1796 2092 toto

106 2137 212 2212 floris
232 2152 400 2230 ornatu,
432 2139 525 2211 nihil
546 2140 710 2236 supersit
728 2154 879 2239 praeter
902 2144 1105 2224 orarium,
1136 2143 1243 2235 quod
1263 2144 1386 2216 solum
1409 2145 1620 2237 benignea
1646 2144 1796 2216 foecun·

106 2265 254 2338 datione
277 2266 450 2338 habetur
476 2275 595 2358 atque
619 2271 750 2341 varias
774 2269 840 2343 fibi
861 2269 1061 2365 proficuas
1083 2270 1293 2366 experitur
1314 2271 1576 2353 mutationes,
1601 2291 1693 2361 quae
1709 2263 1797 2363 ejus

105 2401 178 2465 tam
202 2405 429 2475 externas,
453 2413 571 2484 quam
596 2396 773 2468 internas
800 2394 977 2466 afficiunt
1000 2405 1150 2490 partes.

191 2603 398 2680 Externae
420 2610 683 2690 mutationes,
716 2613 965 2678 concernunt
983 2602 1220 2700 potissimum
1234 2597 1378 2698 justam
1401 2604 1531 2680 ovarii
1549 2602 1717 2696 figuram
1737 2613 1795 2677 at·

103 2749 175 2821 que
201 2734 527 2825 magnitudinem.
579 2734 788 2826 Costanter
811 2755 955 2829 nempe
981 2754 1003 2801 a
1027 2730 1320 2805 soecundatione
1353 2734 1535 2806 ovarium
1561 2724 1710 2823 majora
1738 2754 1796 2803 ca-

102 2858 157 2951 pit
177 2859 447 2944 incrementa,
483 2864 574 2953 quia
589 2862 754 2952 reliquis
772 2856 1086 2944 frudiifrcationis
1105 2859 1284 2954 partibus
1307 2856 1545 2932 subtractum
1570 2858 1795 2929 nutrimen·

102 2991 199 3065 tum,
227 2984 322 3056 inid
349 2988 472 3083 ipsum
493 2988 676 3078 dirigitur
699 2997 842 3068 totum,
867 2995 915 3058 ut
928 2983 1142 3058 necessario
1159 2985 1370 3059 secundum
1389 3004 1528 3058 omnes
1548 2983 1635 3056 snas
1655 2981 1798 3056 dimen-

101 3105 225 3185 siones
253 3117 398 3204 augeri
423 3112 572 3186 debeat.
623 3110 702 3187 Sed
723 3134 811 3184 curn
833 3112 909 3185 hoc
931 3121 1147 3215 augmento
1169 3111 1247 3208 ipsa
1275 3133 1435 3206 quoque
1461 3105 1548 3204 ejus
1573 3112 1797 3201 integratur

100 3234 243 3329 figura,
286 3238 328 3311 ὃ(
345 3239 505 3335 pristina
525 3240 626 3337 saepe
647 3242 699 3311 ita
719 3247 920 3322 mutatur,
952 3249 998 3312 ut
1025 3247 1162 3335 partes
1185 3240 1389 3320 oriantur,
1424 3257 1592 3330 quarum
1612 3237 1652 3306 in
1669 3235 1796 3326 virgi-

101 3380 172 3434 neo
203 3367 351 3438 ovario
378 3388 430 3438 ne
457 3365 666 3459 vestigium
689 3366 846 3458 quidem
874 3364 1018 3439 adsuit:
1062 3363 1112 3437 fic
1135 3365 1228 3446 alae,
1267 3360 1412 3445 cristae,
1443 3364 1633 3443 murices,
1672 3359 1796 3449 hami,

99 3491 342 3583 tomentum,
373 3514 529 3590 pappus
546 3494 767 3590 prodeunt,
798 3512 890 3584 quae
914 3495 1074 3588 penitus
1098 3512 1245 3564 novam
1269 3491 1409 3564 orario
1438 3487 1608 3560 induunt
1624 3485 1795 3558 sormam

100 3621 138 3683 et
157 3636 248 3707 quae
270 3638 477 3710 nunquam
503 3621 542 3689 in
564 3615 812 3714 conspestum
838 3616 1034 3690 venissent
1058 3618 1207 3709 absque
1229 3613 1542 3694 foecundatione3
1574 3612 1643 3686 etfi
1663 3609 1794 3686 strisie

99 3734 297 3832 loquendo
327 3764 408 3815 non
435 3744 518 3841 ipsi,
558 3745 622 3817 sed
644 3746 818 3818 excitato
841 3743 976 3816 saltem
996 3763 1070 3839 per
1093 3742 1198 3816 illam
1223 3737 1366 3836 majori
1392 3741 1609 3812 humorum
1632 3738 1680 3811 ad
1704 3747 1792 3809 ute·

97 3884 183 3939 rum
205 3867 380 3941 affluxui
406 3870 634 3944 debeantur.
1767 3864 1772 3872 ¹

192 4073 375 4152 Internae
402 4089 536 4155 autem
553 4083 794 4155 mutationes
813 4072 976 4173 majoris
1001 4078 1092 4151 sunt
1107 4079 1299 4151 momenti
1322 4084 1363 4149 et
1384 4073 1793 4168 generatimsubstan·

100 4200 208 4295 barn,
242 4205 528 4289 loculamenta,
553 4207 770 4280 &seminis
792 4205 1103 4302 receptaculum,
1129 4215 1270 4303 utpote
1292 4205 1624 4301 propriasovarii
1645 4215 1791 4299 partes,

99 4330 293 4403 attinent:
338 4353 429 4405 nam
453 4333 501 4406 de
523 4334 655 4408 ovulis
680 4330 837 4405 seorsim
861 4332 1049 4405 dicemus.
1113 4328 1312 4434 Substantia
1338 4331 1463 4403 ovarii
1497 4330 1670 4420 virginei
1698 4350 1792 4400 con·

99 4448 246 4528 stanter
266 4456 398 4532 mollis
416 4458 455 4533 &
473 4459 663 4534 herbacea
684 4459 757 4539 est,
797 4481 871 4533 nec
897 4456 968 4529 nili
991 4456 1131 4530 rudem
1154 4468 1196 4529 et
1216 4455 1609 4555 parenchymatosam
1630 4455 1793 4527 exbibet

97 4573 365 4669 strut‘turam3
413 4586 502 4682 post
523 4586 857 4659 foecundationem
885 4595 1019 4657 autem
1050 4584 1257 4658 corticales
1289 4606 1312 4655 a
1346 4578 1625 4655 medullaribus
1655 4580 1792 4652 discri-

100 4704 306 4779 minantur
322 4723 476 4807 partes,
518 4725 558 4787 et
574 4734 694 4784 novae
711 4711 912 4808 prodeunt
933 4710 1047 4782 fibrae
1070 4719 1111 4783 et
1137 4709 1292 4806 copiosa
1313 4709 1599 4780 subnascuntur
1619 4706 1729 4787 vasa,
1769 4729 1792 4777 e

101 4831 244 4918 quibus
270 4839 371 4909 retia
394 4849 435 4911 et
459 4838 611 4912 cellulae
631 4838 876 4921 formantur,
914 4834 1158 4910 advehendis
1182 4849 1222 4911 et
1239 4832 1533 4915 distribuendiS,
1573 4830 1639 4902 vel
1662 4840 1703 4902 et
1727 4851 1790 4900 re·

100 4950 307 5036 sorbendis
343 4964 576 5041 humoribus
608 4966 806 5061 adaptata,
849 4965 955 5039 unde
979 4962 1053 5036 alia
1074 4964 1227 5046 oraria,
1269 4980 1350 5052 quo
1382 4959 1508 5051 magis
1540 4956 1789 5038 adolescunt,

928 5088 958 5164 h
997 5079 1001 5086 ’
1647 5153 1650 5162 ⁴
1679 5088 1792 5154 tanto
