4567 5959
807 542 1114 625 'm
1411 544 1413 548 '
1740 562 1821 617 c111

101 773 328 869 Bignonia,
353 767 537 862 Cleome,
563 761 822 859 Chelidonio,
848 768 1047 859 Glaucio,'
1065 772 1268 871 Hypecoo
1286 770 1357 849 &e
1373 758 1657 871 reperiundas',
1683 773 1820 872 appel-

102 902 237 972 lamus
254 896 445 996 Capiulas
457 894 652 996 filiquosas,
678 921 825 994 easque
845 922 867 972 a
890 899 946 972 lui
968 899 1158 974 similibus
1175 899 1341 998 capsulis
1364 895 1648 997 rhopiispermr‘s:
1674 909 1721 973 ut
1742 897 1818 974 Al-

106 1025 309 1109 lamandae‚
327 1021 553 1107 Sarothrae,
580 1020 793 1112 Swertiae,
819 1022 1048 1110 Gentianae,
1074 1024 1220 1123 Ascyri
1230 1026 1301 1102 &e
1323 1024 1506 1120 distingui
1520 1025 1665 1100 debere
1679 1048 1815 1101 mone·

108 1174 220 1237 mus,
250 1153 344 1246 quia
364 1152 403 1222 in
425 1150 511 1236 his,
542 1151 697 1225 nullum
712 1153 889 1229 valvulis
920 1147 1171 1248 interjestum
1195 1152 1252 1229 est
1277 1153 1467 1229 seminum
1499 1152 1821 1254 receptaculum,

107 1280 207 1353 licut
235 1282 276 1351 in
305 1277 413 1351 illis:
456 1300 545 1351 cum
580 1286 714 1354 autem
750 1281 868 1354 nimis
901 1279 1126 1376 scrupulosa
1159 1278 1289 1355 videri
1319 1278 1446 1378 pollet
1478 1279 1566 1355 haec
1603 1280 1821 1368 distinctio,

109 1430 198 1479 eam
221 1407 261 1477 in
283 1402 490 1478 Centuriis
513 1407 771 1500 negleximus
801 1406 842 1484 ἃ
866 1408 1079 1502 utriusque
1100 1403 1224 1503 hujus
1240 1406 1400 1481 fabricae
1421 1407 1616 1507 capsulas,
1653 1431 1821 1504 gencra-

109 1535 183 1606 tim
196 1528 379 1637 filiquosas
392 1531 579 1607 diximus.
866 1520 871 1541 ¹

773 1803 1038 1912 CAPVT
1073 1805 1165 1911 VI.
1241 1892 1244 1897 ,

648 2063 655 2074 -
783 2090 793 2106 .
920 2026 1018 2104 oa

306 2152 774 2288 aucrrracrud
800 2196 1094 2291 raVchS
1118 2210 1333 2316 Arare
1356 2205 1638 2290 sarrinia

113 2560 451 2727 Receptaculum
475 2614 640 2701 dicitur,
672 2619 782 2712 quod
804 2618 984 2719 partibus
1008 2613 1323 2693 modificationis
1346 2612 1451 2690 balin
1470 2613 1511 2689 ἃ
1535 2617 1826 2690 nutrimentum

114 2743 284 2839 praebet.
334 2740 443 2816 Hinc
468 2740 620 2839 duplex
654 2744 770 2819 nobis
801 2742 1128 2820 confiderandum
1159 2747 1274 2818 venit
1306 2739 1620 2839 receptaculum,
1656 2745 1828 2817 alterum

115 2890 267 2964 nempe
285 2864 445 2960 froilas,
479 2868 518 2944 ὅ(
550 2870 723 2947 alterum
747 2869 920 2971 seminia,
966 2870 1039 2946 etsi
1072 2881 1290 2966 utrumque
1317 2871 1465 2969 saepius
1491 2891 1618 2943 unum
1645 2872 1832 2964 idemque

116 2992 199 3070 effe
211 2992 337 3092 polim

220 3176 481 3276 Receptaculum
507 3178 647 3276 fradui
671 3182 729 3258 est
757 3181 821 3257 ssia
851 3202 968 3281 pars‚-
1000 3205 1092 3277 quae
1119 3182 1385 3280 pericarpium
1416 3187 1485 3254 aut
1512 3181 1643 3256 semen
1677 3179 1829 3255 nudum

116 3327 214 3378 curn
231 3316 357 3381 matre
373 3306 440 3379 sua
456 3309 590 3404 plania
607 3307 823 3394 comedit,
852 3312 980 3404 iisque
1002 3333 1078 3406 pro
1108 3307 1239 3383 fulcro
1263 3308 1437 3383 inservit.
1487 3305 1585 3381 Tale
1605 3317 1833 3406 receptacu-

116 3433 227 3515 lum,
252 3431 321 3507 vel
339 3430 502 3526 singulis
524 3433 722 3510 frustibus
745 3436 877 3508 datum
896 3435 953 3510 est
978 3434 1196 3528 singulum,
1222 3435 1292 3509 vel
1315 3434 1454 3529 plures
1477 3438 1546 3507 uni
1570 3433 1748 3509 infistunt
1773 3456 1832 3507 re·

117 3554 330 3655 ceptaculo·
343 3563 555 3633 communi.
605 3560 649 3636 ln
669 3562 795 3659 priori
811 3561 916 3644 casu,
941 3563 1015 3635 vix
1032 3561 1242 3634 incenium
1257 3562 1397 3635 venire
1410 3561 1508 3635 solet
1520 3558 1833 3657 receptaculum,

118 3683 189 3760 sed
213 3706 289 3781 pro
310 3706 424 3757 mero
440 3685 610 3759 habetur
633 3683 789 3760 frudius
808 3687 1052 3785 pedunculo‚
1080 3685 1151 3759 nili
1177 3708 1250 3782 per
1277 3687 1544 3759 mamritatem
1572 3684 1738 3759 eraffitie
1763 3683 1831 3758 vel

120 3810 379 3905 longitudine
403 3812 469 3886 sua
495 3810 700 3906 inligniter
719 3811 876 3887 aureum
898 3815 938 3889 dc
964 3813 1080 3889 valde
1101 3786 1355 3909 conspicuum
1379 3809 1522 3917 fastum
1545 3810 1695 3885 fuerit:
1715 3822 1763 3883 ut
1791 3812 1831 3883 in

21 4009 22 4012 ,
121 3927 305 4033 Acajuba
322 3938 361 4013 ἃ
377 3937 625 4024 Anacardio,
650 3962 824 4033 quorum
850 3941 1107 4038 pedunculus'
1118 3943 1157 4012 in
1179 3940 1333 4013 baccam
1347 3940 1621 4022 convertitur3
1647 3948 1716 4011 aut
1736 3936 1834 4011 licut

124 4069 167 4137 in
190 4063 363 4164 Typha,
386 4064 606 4142 Moriionia
628 4067 667 4141 ἃ
686 4065 936 4152 Granadilia,
968 4088 1142 4162 quorum
1170 4061 1416 4161 pedunculus
1448 4063 1651 4157 infigniter
1676 4066 1834 4158 elonga

22 4172 25 4173 ⁷
124 4203 214 4272 tur,
238 4192 344 4267 unde
366 4203 411 4264 et
429 4187 624 4286 ejusmodi
641 4196 858 4293 pericarpia
875 4190 1087 4290 penicrliota¹
1101 4191 1302 4264 dicuntur..
1345 4186 1392 4261 ln
1417 4190 1544 4264 altero
1566 4200 1700 4266 autem
1727 4192 1833 4275 casu,

125 4320 257 4411 magis
277 4320 763 4419 proprie'receptaculum
786 4321 929 4395 dieitur
958 4320 1089 4401 locus,
1123 4317 1330 4409 areliquis
1359 4317 1539 4414 parribus
1564 4317 1765 4394 distindius
1793 4329 1835 4393 et

125 4448 321 4545 peculiari
342 4445 444 4542 saepe
472 4446 601 4520 forma
626 4448 805 4523 dotatus,
829 4450 895 4521 cui
916 4442 1072 4519 frustus
1092 4443 1232 4541 plures
1263 4440 1460 4518 infistunt:
1488 4443 1560 4519 ille
1576 4467 1677 4520 vero
1698 4447 1833 4527 locus,

127 4573 200 4649 vel
221 4574 348 4656 intra,
368 4573 436 4645 vel
464 4572 567 4646 infra
588 4574 733 4649 liorem
759 4572 998 4648 constitutus
1015 4569 1093 4657 est,
1116 4580 1235 4665 atque
1256 4569 1349 4643 hinc
1368 4568 1629 4668 receptaculum
1649 4593 1843 4655 commune,-

126 4700 199 4777 vel
212 4699 400 4798 superum
418 4695 492 4781 est,
517 4702 595 4777 vel*
609 4701 801 4774 inferum..

233 4880 436 4983 Superum
457 4884 773 4984 receptaculum,
802 4886 841 4957 i'n
863 4846 1069 4955 nonnullis
1092 4880 1192 4973 adeo
1220 4878 1429 4994 angustum
1452 4887 1495 4952 et
1514 4875 1736 4977 deprefl'um
1762 4876 1842 4963 est,

127 5022 179 5088 ut
202 5013 283 5088 vix
302 5013 456 5089 attendi,
482 5020 712 5090 mereatum.
745 5013 785 5086 in
815 5005 1041 5092 Thalidlro,
1071 5003 1412 5102 Pctamogetone,
1444 5002 1680 5089 Teuacera3
1718 5014 1761 5077 et
1785 5006 1838 5078 ita

1676 5149 1838 5225 quoque
