4567 5959
829 510 1136 572 εει-ε
1684 509 1852 602 xxxut

131 712 312 812 ejusdem
334 713 596 811 eum-reliqua
615 715 738 816 stirpe
754 716 903 793 coloris
926 718 1092 794 olivacei
1118 715 1196 805 est;
1222 716 1342 793 brevi
1362 725 1494 794 autem
1517 716 1623 818 post,
1649 719 1692 802 id
1706 722 1839 819 ipsum.

133 844 329 928 obsoleto,
357 847 397 916 in
415 847 586 928 vertice,
612 846 834 918 inscribitur
853 844 963 920 sulco
986 848 1181 929 cruciato,
1218 856 1260 919 et
1277 843 1387 917 simul
1406 856 1535 922 totum
1553 848 1689 922 colore
1710 847 1839 929 luteo,

130 969 234 1056 adeo
256 969 469 1045 vividoac
488 969 677 1064 eleganti,
716 970 973 1053 suffunditur,
1024 982 1070 1046 ut
1084 967 1266 1065 jurares,
1316 984 1356 1046 te
1381 970 1619 1050 verissimam
1643 963 1840 1066 quandam

131 1118 222 1194 prae
245 1097 374 1171 oculis
399 1096 545 1174 habere
564 1097 795 1181 antheram3
830 1097 981 1171 atnihil
1006 1100 1140 1174 minus
1161 1099 1217 1182 id,
1244 1099 1369 1194 jquarn
1391 1100 1559 1176 anthera
1581 1097 1654 1192 est,
1692 1097 1756 1173 sed
1772 1096 1840 1170 de·

132 1217 264 1295 tracto
297 1232 396 1295 tunc
418 1221 545 1296 solioli
575 1225 741 1307 cortice,
791 1223 896 1298 solus
926 1225 966 1296 in
992 1222 1242 1323 conspestum
1270 1229 1383 1300 venit
1413 1228 1517 1302 uteri
1545 1227 1713 1318 virginei
1744 1225 1839 1305 viri7

132 1347 197 1420 dis
222 1346 431 1442 globulus,
462 1350 637 1444 undique
658 1351 821 1448 limpido
843 1371 962 1424 muco
986 1350 1268 1436 circumfusus,
1309 1363 1351 1426 et
1376 1356 1481 1428 iutra
1503 1354 1713 1428 cavitatem
1738 1347 1841 1422 suam

132 1470 442 1571 pellucidillimis
459 1476 691 1570 quibusdam
716 1473 932 1574 punitulis,
957 1499 1051 1572 quae
1075 1477 1329 1563 ovulasunt,
1359 1477 1546 1578 stipatus:
1577 1474 1719 1574 elapsis
1740 1496 1841 1552 vero

94 1667 99 1676 .
133 1599 278 1674 dehinc
299 1601 452 1695 aliquot
473 1603 629 1684 diebus,
666 1603 800 1676 luteus
821 1600 883 1678 ille
901 1603 1015 1678 color
1035 1606 1142 1701 perit
1168 1614 1297 1701 tptus,
1333 1616 1376 1682 et
1397 1609 1564 1683 verticis
1593 1604 1724 1680 sulcus
1743 1601 1841 1676 obli-

131 1737 316 1820 teratur,
342 1739 386 1802 et
406 1726 674 1805 tuberculum.
697 1719 1068 1823 nunc'aequabiliter
1081 1731 1313 1825 turgidum,
1345 1733 1554 1831 pristinum
1572 1732 1684 1807 suum
1701 1730 1842 1808 rursus

132 1849 265 1926 induit
281 1854 458 1930 colorem
482 1854 728 1945 olivaceum,
755 1864 813 1929 et,
838 1855 944 1947 quod
958 1854 1169 1953 caputest‚
1195 1854 1373 1932 detraito
1388 1881 1496 1934 nunc
1513 1857 1842 1938 iterumcortice,

130 1977 290 2050 nullum
315 1973 488 2076 amplius
523 1981 625 2056 muci
652 1978 760 2054 adest
782 1979 1010 2074 vestigium,
1049 1983 1114 2058 sed
1137 1986 1323 2060 ovarium
1335 2007 1426 2060 cum
1456 1987 1537 2085 ipso
1567 1977 1843 2079 corticejartte
1886 2086 1889 2091 ‚

129 2102 329 2197 oohaeret,
365 2116 407 2181 et
428 2107 624 2205 pellucida
648 2107 713 2181 illa
738 2103 899 2204 punita,
932 2102 1015 2201 jam
1041 2111 1207 2184 nuncin
1228 2109 1431 2187 albicantia
1450 2122 1491 2189 et
1513 2135 1636 2211 opaca
1657 2106 1841 2204 granula,
1883 2125 1885 2128 ’

131 2232 314 2327 propriis
338 2230 529 2308 funiculis
552 2232 837 2310 umbilicalibus
859 2232 1073 2320 haerentia,
1115 2237 1472 2336 deprehenduntur
1496 2237 1711 2321 conversam
1742 2238 1842 2310 acin

130 2356 212 2430 hoe
232 2379 393 2452 quoque
420 2359 522 2434 statu
547 2363 681 2433 omnia
696 2368 934 2457 permanent
957 2381 1087 2456 usque
1107 2364 1154 2437 ad
1170 2365 1326 2462 plenam
1341 2366 1532 2440 seminum
1555 2366 1843 2448 maturitatem,

132 2504 213 2575 qua
233 2483 306 2557 scil.
324 2485 360 2559 id
384 2484 628 2562 solummodo
654 2483 845 2568 efficitur,
876 2494 926 2562 ,ut
943 2487 1111 2578 granula
1134 2490 1200 2564 illa
1219 2490 1354 2565 sensim
1378 2491 1591 2582 rufescanu
1622 2498 1742 2583 atque
1760 2495 1841 2560 ute·

130 2629 209 2682 rus
233 2608 394 2684 demum
414 2610 611 2685 foramine
640 2611 822 2685 dehiscat.
871 2609 1081 2708 Palpabile
1105 2616 1226 2708 igitur
1251 2615 1325 2710 est,
1364 2619 1470 2712 quod
1499 2619 1676 2690 omniurn
1700 2615 1842 2690 harum

131 2740 399 2813 mutationum
423 2727 539 2812 unica
558 2746 601 2811 et
627 2741 815 2842 princeps
831 2739 942 2812 causa
959 2760 1100 2815 mucus
1119 2741 1265 2828 illest,
1293 2747 1397 2818 inter
1410 2746 1598 2818 corticem
1610 2749 1728 2835 atque
1745 2760 1841 2814 ova-

130 2863 240 2937 rium
260 2864 440 2947 haerens3
476 2873 519 2938 et
538 2864 645 2958 quod
675 2863 919 2939 soecundatio
944 2887 994 2937 eo
1020 2868 1179 2962 praecise
1204 2880 1387 2967 tempore
1415 2878 1650 2968 peragatur,
1697 2886 1778 2959 quo
1802 2872 1844 2938 et

133 2985 223 3071 iste,
250 2999 292 3064 et
308 2991 442 3066 luteus
456 2990 655 3064 tuberculi
673 2992 786 3074 color
808 2987 1065 3068 evanescunt.
1116 2991 1221 3068 Cum
1240 3020 1343 3072 vero
1359 3019 1432 3070 nec
1455 2995 1533 3092 ipse
1555 3013 1715 3075 mucus,
1748 3014 1843 3090 pro-

132 3122 229 3210 pter
250 3117 411 3214 nimiam
434 3115 540 3189 suam
568 3118 849 3209 quantitatem,
892 3137 990 3193 vera
1019 3120 1203 3209 genitura
1225 3119 1390 3196 mascula
1414 3120 1489 3196 else
1509 3131 1645 3215 queat3
1679 3140 1752 3190 nec
1768 3118 1843 3190 alia

132 3250 256 3312 extra
280 3217 441 3336 uteriim
463 3244 719 3340 reperiantur
742 3242 848 3323 vasa,
884 3241 1028 3336 quibus
1055 3244 1122 3318 ille
1146 3247 1184 3318 in
1207 3270 1350 3323 verum
1374 3249 1526 3346 sperma
1552 3248 1734 3320 converti
1756 3245 1845 3343 pos-¹

132 3360 201 3446 sit3
234 3365 362 3461 palam
385 3341 461 3466 ist,
493 3366 599 3462 quod
623 3367 701 3467 ipse
728 3379 872 3442 uterus
893 3390 1054 3442 mucum
1084 3369 1198 3444 illum
1229 3373 1455 3465 resorbeat,
1491 3394 1664 3466 eumque
1688 3370 1843 3445 soeoun·

133 3487 274 3564 dandis
301 3471 435 3569 otulis
460 3492 598 3567 reddat
614 3503 770 3590 aptum;
801 3477 850 3566 ¹et
872 3491 1180 3588 consequenter,
1212 3497 1319 3591 quod
1340 3500 1378 3572 in
1401 3496 1524 3573 Fucis
1545 3485 1753 3592 genuinis,
1796 3498 1842 3571 ii-

106 3613 219 3720 ''mili
241 3622 386 3716 quippe
413 3617 557 3692 fabrica
583 3617 846 3711 gaudentibus
874 3620 1076 3704 omnibus,
1113 3623 1192 3719 ipse
1214 3634 1356 3699 uterus
1383 3624 1447 3698 sua
1468 3624 1682 3700 soecundet
1703 3627 1841 3712 ovula,

133 3753 178 3815 et
198 3743 303 3837 quod
333 3741 398 3817 ille
416 3744 515 3843 lpse,
543 3743 670 3838 officia
694 3742 925 3837 genitalium
938 3748 1153 3840 utriusque
1173 3749 1311 3837 sexus,
1337 3750 1502 3849 praestet
1522 3751 1640 3830 solus.
1820 3779 1824 3788 ⁴

234 3950 355 4028 Haud
384 3954 547 4049 prorsus
579 3953 719 4052 dispari
740 3956 896 4027 ratione
916 3952 1255 4035 soecundationem
1282 3981 1445 4054 quoque
1469 3962 1509 4035 in
1539 3958 1658 4048 Clara
1682 3970 1843 4065 peragi,

133 4100 220 4151 non
241 4078 366 4152 solum
392 4075 514 4174 hujus
534 4083 696 4173 generis
716 4078 898 4177 stirpium
918 4083 1016 4157 vitae
1033 4087 1157 4167 ratio,
1195 4084 1259 4158 sed
1286 4095 1328 4160 et
1347 4085 1582 4178 genitalium·
1604 4090 1764 4168 suorum
1786 4092 1843 4167 sa·

134 4205 243 4288 brica
273 4205 455 4278 innuunt.
520 4204 720 4281 Ovarium
753 4227 898 4304 nempe
926 4209 963 4279 in
995 4205 1127 4283 Chara
1153 4208 1313 4305 vagari,
1364 4213 1509 4286 nucula
1541 4213 1599 4288 est
1621 4215 1843 4312 mustacea,

131 4328 241 4424 stylo
263 4340 383 4423 atque
408 4329 588 4425 stigmate
614 4351 776 4415 carens,
802 4334 912 4407 intus
929 4330 1048 4432 pulpa
1065 4343 1186 4429 atque
1204 4337 1337 4440 ortilis
1358 4337 1528 4422 referta,
1564 4351 1687 4415 extus
1708 4354 1844 4418 autem

133 4456 397 4548 integerrimo
420 4456 632 4532 invulucro
655 4455 958 4532 membranaceo
988 4459 1147 4544 vestita,
1173 4461 1280 4556 quod
1298 4459 1479 4561 calyptra
1495 4464 1570 4539 dici
1590 4455 1749 4565 posset,
1772 4469 1844 4543 nili
1930 4455 1936 4461 ’

132 4563 253 4655 omni
266 4601 357 4679 epm
378 4585 519 4656 ovario
539 4589 696 4658 careret
712 4601 850 4666 nexu,
875 4587 956 4657 'nec
976 4587 1026 4660 ab
1050 4611 1100 4661 eo
1122 4609 1298 4682 unquam
1320 4589 1460 4687 sponte
1487 4590 1696 4666 secederet.
1736 4594 1844 4670 Huic
1887 4565 1891 4580 ¹

131 4707 280 4784 ovario
295 4706 439 4782 sociam
452 4707 634 4784 nonnulli
652 4711 673 4800 (
683 4711 725 4801 r)
746 4707 923 4786 statuunt
939 4711 1147 4789 antherum
1164 4712 1348 4788 seffilem:
1375 4716 1580 4809 globulum
1599 4740 1744 4817 nempe
1759 4744 1843 4794 cro-

1729 4868 1842 4921 ceum

175 4956 224 5037 a)
251 4959 406 5020 varic.
422 4958 485 5021 Λᾶ.
503 4957 573 5038 gell.
598 4974 753 5038 unum·
780 4925 987 5040 inurar.¹
1116 4985 1185 5044 gen.
1207 4985 1283 5038 1203.
1305 4970 1492 5031 scnnrnnt.
1513 4967 1633 5043 Analye.
1647 4993 1676 5056 p.
1688 4993 1729 5049 53·
1754 4989 1775 5035 t.
1798 4992 1843 5058 ¹4·

248 5037 379 5103 Antbol.
393 5064 420 5126 p.
437 5051 493 5107 116.
510 5049 621 5112 Dru.
640 5067 708 5125 gen.
728 5060 770 5118 88.
784 5062 846 5134 ta.
867 5054 973 5114 Ltnn.
1016 5146 1039 5202 e
1120 5056 1238 5116 tlrnw.
1253 5052 1357 5150 theon
1373 5069 1504 5133 generat.
1519 5077 1547 5141 p.
1570 5074 1627 5132 125.
