4567 5959
519 566 604 622 exn
833 546 835 553 ’
1196 578 1500 609 ---

517 776 780 876 atqueprimo
800 775 945 876 pabulo
977 776 1175 853 inserviat
1225 777 1334 851 Huic
1351 778 1494 875 duplici
1512 774 1665 860 officio,
1692 775 1843 876 duplex
1867 794 2032 872 quoque
2047 776 2246 876 respon·

517 903 582 978 det
596 902 805 977 albuminis
824 914 919 978 nota
943 900 1263 978 characteristica
1310 901 1457 977 Altera
1477 925 1624 1002 nempe
1646 902 1719 986 est,
1744 902 1851 996 quod
1872 924 1991 978 omne
2009 903 2183 987 albumen,

2244 654 2246 743 l

515 1030 583 1105 iub
604 1030 893 1124 germinatione
914 1030 1126 1113 leminis,
1116 1054 1156 1104 m
1179 1031 1410 1128 primitivos
1430 1030 1523 1104 suos
1548 1031 1746 1124 liquores,
1771 1029 1926 1104 aliosve
1946 1027 2028 1103 istis
2043 1026 2181 1111 similes,

514 1158 745 1234 resolvatur
761 1167 880 1250 atque
901 1181 928 1230 a
948 1157 1127 1254 plantula
1146 1156 1319 1231 seminali
1342 1154 1595 1229 resorbeatur
1624 1164 1777 1237 totum,
1799 1176 1874 1227 nee
1894 1175 2068 1248 unquam
2088 1164 2183 1227 extra

466 1356 469 1363 .
513 1284 772 1361 testamsuam
784 1281 991 1382 procedat,
1019 1281 1288 1357 multominus
1301 1291 1435 1356 autem
1447 1281 1562 1378 supra
1575 1292 1741 1363 terram,
1766 1278 2064 1375 Cotyledonum
2078 1302 2182 1369 more,

515 1407 730 1487 efferatur:
756 1405 900 1482 Altera
916 1430 1037 1491 vero,
1062 1407 1170 1501 quod
1181 1412 1364 1485 albumen
1377 1429 1467 1481 cum
1484 1407 1708 1503 embryone
1729 1408 1816 1491 luo,
1841 1404 1925 1482 five
1945 1405 2056 1478 illum
2077 1406 2182 1479 invol-

514 1543 607 1619 vat,
632 1534 719 1611 live
737 1536 785 1610 ab
805 1559 854 1611 eo
879 1533 1134 1617 involvatur,
1157 1533 1312 1606 nullum
1339 1554 1515 1627 unquam
1538 1532 1685 1607 habeat
1700 1556 1875 1617 nexum,
1901 1532 1966 1608 sed
1992 1529 2246 1628 lemperlii

514 1661 747 1747 rlrsc'retum,
771 1672 817 1736 ut
831 1662 1013 1735 facillime
1027 1659 1067 1733 ὅ(
1089 1661 1198 1732 omni
1219 1670 1404 1756 tempore
1424 1658 1471 1731 ab
1491 1660 1559 1733 illo
1579 1668 1699 1753 queat
1722 1660 1841 1743 solvi;
1865 1658 1978 1733 lecus
1998 1666 2111 1751 atque
2127 1657 2181 1734 Vi·

513 1789 652 1871 tellus,
678 1791 854 1883 quicum
874 1789 1095 1882 embryone
1115 1785 1185 1859 luo
1197 1795 1244 1857 ut
1258 1784 1475 1882 plurimum
1490 1785 1735 1859 indillolubili
1755 1783 1915 1859 vinculo
1926 1784 2109 1860 cohaeret
2138 1783 2182 1857 lta

513 1936 536 1987 a
566 1914 730 2008 reliquis
758 1914 887 1987 nuclei
914 1913 1094 2010 partibus
1129 1907 1279 1984 affatim
1304 1907 1523 1984 distinlium
1555 1912 1756 1995 albumen,
1799 1907 2023 1986 distinstum
2050 1931 2182 2002 quoque

512 2038 634 2113 efficit
659 2058 833 2137 corpus,
858 2034 971 2134 cujus
995 2037 1110 2121 litus,
1143 2037 1303 2130 figura,
1344 2035 1494 2110 fabrica
1513 2037 1553 2112 δι
1579 2039 1747 2135 reliquae
1770 2036 1904 2120 dotes,
1946 2036 1988 2108 in
2016 2034 2182 2111 seminum

514 2165 717 2249 scrutinio,
743 2172 879 2239 curate
896 2166 1028 2239 notari
1046 2174 1273 2239 merentur.

609 2371 740 2462 bitus,
766 2376 1068 2454 constantiffime
1083 2378 1242 2473 quidem
1258 2380 1362 2453 inua
1380 2380 1537 2454 lbminis
1554 2379 1824 2455 membranam
1843 2379 2043 2452 internam
2056 2371 2183 2471 politus

511 2502 586 2597 est,
613 2501 677 2577 led
695 2503 874 2603 respeltu
896 2506 1154 2601 embryonis,
1185 2505 1330 2602 triplici
1356 2508 1575 2599 generatim
1608 2506 1727 2581 modo
1754 2505 1830 2582 sese
1854 2504 2005 2585 habet,
2032 2498 2074 2574 ὃ(
2095 2521 2181 2572 com·

511 2627 627 2703 mode
644 2631 684 2704 ln
703 2642 920 2713 externum
934 2685 953 2716 r
972 2634 1200 2716 internum,
1221 2644 1343 2725 atque
1367 2631 1592 2731 oppufitum
1608 2630 1763 2731 dispesci
1787 2630 1928 2730 potest

606 2838 803 2916 Externum
825 2841 850 2917 s.
876 2836 1040 2936 vaginulr
1058 2836 1212 2916 albumen
1239 2841 1393 2939 semper
1414 2842 1676 2938 embryonem
1704 2844 1807 2926 iutra
1829 2841 2079 2923 substantiam
2097 2838 2180 2915 luam

509 2966 735 3040 conclusum
750 2966 882 3049 fovet,
912 2989 1086 3061 eumque
1107 2970 1160 3040 ita
1176 2967 1347 3061 obtegit,
1368 2978 1431 3051 ut,
1458 2965 1644 3043 detrastis
1660 2971 1963 3061 integumentis,
1989 2993 2072 3043 non
2087 2967 2194 3063 queat

510 3089 825 3189 inconspectum
849 3094 1010 3175 venire,
1035 3091 1110 3165 nili
1137 3093 1259 3190 iplbm
1287 3094 1400 3167 limul
1419 3092 1625 3167 diffecetm·
1653 3094 1850 3167 albumen.
1901 3095 1981 3170 Hie
2007 3097 2117 3177 fitus,
2136 3086 2180 3163 ui

508 3214 836 3300 naturalillimus,
871 3219 925 3290 ita
946 3237 1106 3313 quoque
1133 3221 1310 3293 omnimn
1340 3221 1461 3312 longe
1483 3217 1822 3314 frequentissimus
1841 3220 1921 3316 est,
1953 3223 1994 3298 ὃ(
2019 3215 2180 3315 exemplu

420 3440 422 3449 Ι
508 3336 596 3436 eius
613 3344 653 3415 in
669 3338 955 3443 Cyper'oideis,
981 3338 1276 3430 Umbellil'eris„
1297 3343 1514 3440 Trieoccis,
1531 3336 1713 3439 aliisque,
1729 3344 1926 3422 habentur
1937 3352 2146 3424 innumera
2243 3330 2244 3341 Ν

605 3550 781 3629 biternum
797 3550 1008 3637 sanante,
1034 3554 1361 3652 eircmnpofi‘tmn
1375 3555 1562 3649 sibi'gerit
1582 3557 1866 3651 ernbryonem,
1891 3560 2108 3640 &ab·h0c‚
2128 3550 2180 3628 vel

505 3685 638 3754 totum
651 3679 894 3760 occultatur,
916 3689 963 3751 ut
980 3665 1184 3753 inPisnnia
1195 3732 1215 3764 a
1229 3679 1432 3765 Mirabili‚.
1450 3664 1948 3761 Cuscuta·uic.ve1sa1tem
1963 3679 2180 3784 inperiphe·
2242 3684 2243 3755 ζ

506 3802 566 3878 ria
587 3804 673 3890 iba,
704 3804 847 3878 abillo
873 3812 1061 3898 tanquam
1088 3807 1135 3881 ab
1163 3805 1331 3881 annullo
1355 3810 1545 3901 mugitum
1592 3812 1630 3885 in
1659 3808 1931 3905 Lychnidus,
1964 3805 2180 3883 Alfinaeein

505 3926 919 4025 olmceis;=·aliisque
934 3929 1090 4005 multis..
1134 3928 1290 4006 Differt
1309 3935 1496 4030 apriorir
1514 3935 1621 4028 quud
1644 3933 1769 4008 statim
1792 3958 1815 4008 a
1837 3933 2024 4011 detratlis
2048 3939 2180 4023 inteffu·
2241 4008 2242 4035 χ

504 4060 652 4133 ruentis
680 4056 856 4151 embryu
871 4064 1062 4152 appareat
1089 4057 1248 4142 nudus
1271 4079 1347 4133 nuc
1372 4060 1419 4133 ab
1451 4061 1661 4135 albuminis
1690 4060 1897 4137 substantia
1920 4065 1969 4133 in.
1991 4059 2106 4135 dorso
2127 4053 2180 4128 suo
2241 4056 2242 4067 '

505 4178 921 4273 contemnamini
943 4177 1175 4257 Sblanareis
1195 4179 1433 4259 &Stellatis
1452 4189 1595 4270 variis,
1621 4188 1669 4259 in
1687 4188 1830 4280 quibus
1851 4188 2031 4281 embryu
2044 4181 2181 4280 quidem

504 4307 800 4408 periphericus‚
823 4306 887 4380 sed
912 4327 996 4377 nou
1009 4318 1134 4383 extra
1150 4308 1630 4400 albuminisnsubstantiam
1651 4312 1827 4412 positus,
1847 4312 2028 4407 adeoque
2054 4331 2124 4385 uec
2140 4301 2182 4375 alr

504 4436 652 4511 tumen
672 4432 773 4510 vere
792 4429 966 4504 centrale
982 4430 1050 4507 ella

476 4728 477 4733 Ν
551 4612 746 4717 Oppofit
718 4639 801 4689 tum
821 4615 856 4689 s.
863 4640 920 4690 um
916 4609 1067 4688 laterali
1082 4612 1245 4694 albumen·
1256 4619 1422 4717 purinu‘e
1440 4623 1628 4718 quidem,
1648 4628 1714 4701 uti
1723 4627 1981 4729 praeteriens,
2009 4625 2178 4717 embryo·

502 4708 596 4818 nem
616 4740 697 4815 suae
724 4739 856 4817 saltem
884 4740 1108 4837 superficiei
1122 4745 1290 4820 affixum
1319 4751 1441 4839 gerit,
1471 4751 1542 4826 sed
1560 4752 1680 4847 longe
1706 4756 1960 4841 breviorem,
1982 4775 2101 4849 quam
2125 4756 2240 4838 qffl

500 4878 636 4943 rotam
640 4858 736 4960 ejus
732 4864 956 4965 complesti
967 4880 1035 4943 aut
1052 4872 1202 4946 ambire
1225 4870 1359 4967 pollet
1366 4876 1651 4972 peripheriam:
1679 4881 1720 4952 in
1737 4879 1933 4966 Diantho,
1959 4880 2176 4973 Polygono

501 4990 668 5070 Rumice
681 5045 699 5079 ,
716 4988 898 5079 Lechea,
922 4990 1179 5094 Nymphaea„
1194 4995 1428 5092 Flagellaria
1440 5054 1457 5087 ‚
1476 5000 1519 5077 br
1533 5002 1852 5083 uillaromnium
1864 5002 2176 5111 inGraminibus,
2238 5100 2239 5111 Ν

1852 5168 1857 5177 ·
2017 5146 2174 5229 quorum
