4567 5959
787 527 1101 586 a
1637 523 1779 579 cnxxlr

278 727 474 826 jacentem
491 733 754 821 aemulantur,
781 731 883 810 utin
898 728 1116 830 Goffypim
1141 723 1578 816 Ceibassoovolvulo,
1607 728 1773 819 Celtide,

274 854 482 936 Petiveria
503 859 576 936 dec.

176 1065 344 1168 Propria
356 1070 646 1165 cotyledonum
661 1074 812 1171 ligura,
838 1091 930 1170 quae
948 1069 1025 1148 scil
1043 1092 1069 1144 a
1089 1069 1182 1150 solis
1200 1066 1533 1146 circumferentiae
1551 1073 1776 1168 marginum

91 1194 263 1272 limitibus
276 1194 467 1270 definitur
482 1208 602 1294 atque
621 1196 741 1278 restis
764 1220 881 1310 aeque
894 1219 942 1276 ac
961 1198 1100 1276 curvis
1125 1195 1433 1292 cotyledonibus
1457 1202 1680 1276 communis
1701 1196 1777 1279 est,

93 1319 234 1395 easdem
249 1321 439 1419 prorsus,
465 1345 566 1419 quas
588 1327 667 1425 ipsa
684 1347 879 1404 verorum
900 1323 1091 1398 foliorum
1113 1322 1430 1408 circumcaesura,
1458 1328 1608 1422 patitur
1625 1324 1776 1402 modifi-

91 1448 266 1530 cationes,
291 1467 384 1524 nam
413 1459 460 1522 ut
479 1451 649 1535 inillis,
672 1450 726 1527 sic
745 1474 905 1547 quoque
921 1453 963 1524 in
982 1448 1064 1533 his,
1091 1449 1273 1531 linearis,
1308 1448 1541 1534 lanceolata,
1582 1452 1776 1544 oblonga,

91 1581 212 1654 ovata,
236 1572 472 1660 orbiculata,
498 1576 677 1663 cordata,
703 1578 743 1653 &
772 1580 905 1674 omnis
925 1575 999 1649 alia
1026 1572 1197 1671 simplex
1223 1573 1354 1666 ligura
1380 1571 1510 1649 locum
1541 1575 1676 1660 habet,
1702 1597 1778 1648 nec

91 1697 181 1773 aliud
194 1699 308 1775 datur
329 1700 554 1788 discrimen,
578 1701 651 1777 nili
669 1704 777 1798 quod
791 1701 1078 1798 cotyledonum
1099 1703 1305 1794 margines
1326 1701 1517 1776 ral'iffime
1530 1703 1664 1779 saltem
1682 1700 1788 1803 den-y

91 1827 150 1896 tati
167 1824 202 1899 δι
221 1824 350 1912 incili,
376 1831 451 1905 vix
472 1850 649 1924 unquam
666 1852 770 1904 vero
794 1829 1040 1923 irregulares
1057 1823 1147 1902 fint.
1195 1824 1412 1924 Exemplis
1427 1829 1565 1921 igitur,
1595 1850 1618 1905 e
1634 1828 1777 1924 specia-

90 1948 167 2022 liori
184 1951 374 2029 seminum
398 1952 652 2053 expolitione
670 1953 784 2030 facile
807 1953 1007 2053 petendis,
1032 1950 1122 2026 heic
1149 1951 1474 2050 supersedemus,
1500 1963 1619 2047 atque
1647 1953 1683 2026 id
1707 1950 1777 2025 sal·

91 2080 159 2151 tem
177 2098 407 2163 monemus,
432 2079 677 2173 quodetiam
704 2073 988 2176 cotyledones‘,
1012 2077 1124 2152 sicuti
1147 2075 1240 2151 folia
1261 2097 1379 2161 vera,
1406 2082 1445 2152 in
1466 2078 1633 2155 diverfis
1657 2079 1777 2152 unius

91 2205 232 2294 generis
248 2206 446 2279 naturalis
464 2206 687 2301 speciebus,
714 2226 1002 2301 nonnunquam
1022 2200 1179 2277 diversa
1198 2201 1373 2296 gaudere
1391 2205 1698 2301 pollintfigura:
1725 2205 1779 2275 ita

92 2351 145 2401 ex.
164 2351 217 2423 gr.
239 2332 279 2403 in
297 2328 439 2406 Acere
459 2333 633 2426 leterico,
658 2330 918 2429 cotyledones
937 2331 1028 2405 sunt
1055 2326 1211 2423 gibbose
1235 2326 1447 2412 flexuosae3
1476 2333 1514 2403 in
1544 2325 1670 2412 rubro,
1702 2327 1778 2425 spi-

91 2455 197 2541 rales;
219 2459 318 2532 acin
340 2457 521 2559 cemmflrr'
535 2456 968 2557 subcantormplioatee:
996 2455 1035 2532 δι
1052 2457 1109 2530 ita
1128 2456 1246 2533 &iam
1264 2455 1309 2550 in
1322 2453 1490 2534 Rumice
1510 2454 1660 2552 digyno,
1686 2452 1778 2528 sunt

92 2580 385 2679 peuimsrestaes
412 2585 452 2659 in
461 2579 654 2680 snagaiam
673 2584 713 2662 δι
727 2578 940 2687 oltefisolio,
966 2581 1159 2660 levilfime
1173 2588 1376 2665 mrvatae3
1401 2584 1441 2658 in
1460 2581 1664 2664 Patientia,
1694 2580 1779 2656 evi.
1920 2641 1922 2644 .

93 2707 213 2786 denter
227 2721 423 2796 arcuatae3
449 2708 684 2806 &denique
713 2711 756 2783 in
769 2707 940 2810 spinoso,
972 2709 1138 2810 prorsus
1164 2710 1388 2786 anuuhres.
1439 2704 1520 2786 Sed
1548 2708 1613 2790 hae
1637 2705 1779 2784 discre-

93 2839 234 2930 pantiae,
265 2839 420 2932 quaein
434 2836 542 2914 soliis
567 2835 920 2930 adeosrequentes
939 2836 980 2913 ἃ
999 2836 1110 2933 quasi
1130 2835 1335 2914 naturales
1360 2836 1471 2917 sunt,
1508 2836 1549 2912 in
1572 2831 1777 2930 cotyledo-

93 2960 191 3036 nibus
205 2969 372 3041 omnino
387 2962 580 3042 rarissime
593 2971 861 3048 occurerunt,
884 2963 1034 3064 &nihil
1049 2962 1107 3039 est
1124 2966 1253 3057 magis
1268 2962 1518 3048 conluelum,
1543 2967 1662 3056 quam
1669 2960 1780 3056 quod

93 3106 212 3163 omnes
232 3093 357 3165 unius
371 3091 534 3184 generis
555 3099 625 3164 aut
637 3090 814 3175 familiae,
841 3093 936 3185 quin
959 3090 999 3167 ὁ(
1015 3091 1184 3167 durmin
1207 3092 1485 3189 proximarum
1512 3087 1687 3166 ciuilium
1711 3108 1780 3164 nn·

92 3213 255 3288 turalium
278 3215 548 3310 cotyledones
572 3218 678 3289 inter
697 3216 736 3290 se
755 3214 832 3291 fint
845 3214 1051 3291 simillimae
1077 3217 1117 3291 ὃ(
1139 3218 1302 3316 penitus
1323 3215 1570 3290 conformes:
1597 3216 1657 3287 uti
1677 3209 1713 3288 id
1738 3213 1779 3283 in

92 3327 298 3427 Oleraceis,
329 3335 568 3426 Alllnaeeis,
601 3337 867 3436 LychnideiS,
899 3338 1148 3428 Solanaceis,
1179 3340 1472 3437 Umbelliseris,
1508 3340 1708 3418 Tricoccis
1736 3347 1779 3415 et

91 3460 161 3538 aliis
181 3466 287 3543 facile
309 3465 372 3542 est
388 3465 537 3543 videre.
663 3495 667 3502 ·
1246 3471 1250 3480 ’
1410 3471 1430 3503 ”

169 3675 296 3754 Color
316 3678 596 3756 involutorum
613 3677 900 3774 cotyledonum
912 3679 1255 3775 frequentissimus
1268 3678 1328 3756 est
1343 3680 1476 3763 albus,
1501 3681 1615 3773 isque
1626 3673 1782 3754 lachem

91 3818 211 3894 purus.
259 3803 424 3882 Luteus
453 3807 570 3882 etiam
586 3801 805 3904 'sepissime
834 3809 1033 3898 occurrit,
1056 3808 1278 3903 prensertim
1303 3807 1342 3879 in
1371 3804 1585 3882 seminibus
1607 3799 1778 3880 matoria

92 3924 298 4021 plausuum
322 3926 612 4025 Siliquosarum
637 3939 681 4008 et
694 3928 977 4026 Leguminum.
1027 3929 1118 4006 Nec
1141 3951 1259 4006 rarus
1290 3929 1347 4005 est
1377 3928 1537 4010 viridis,
1565 3929 1679 4019 inque
1710 3920 1781 4001 vel

92 4057 240 4133 anovel
261 4057 556 4140 luteo-viridis,
580 4057 649 4134 vel
683 4064 726 4132 et
745 4057 1001 4150 gramineum
1030 4065 1072 4133 et
1094 4055 1256 4149 quaidn
1277 4067 1429 4153 mter
1446 4056 1564 4140 inme
1578 4051 1780 4152 colorem,

92 4168 232 4258 fallaces
255 4177 420 4277 quoque
437 4183 569 4278 figura
586 4182 893 4279 cotyledonibns
914 4183 1129 4280 competis.
1154 4191 1252 4260 tunc
1266 4175 1613 4276 ,ejusmodifamim
1632 4178 1708 4258 diei
1721 4177 1780 4258 sol

91 4296 163 4377 lent
172 4310 434 4403 germinantia,
458 4319 507 4386 ut
520 4312 561 4385 in
574 4307 789 4387 Nelumbo.
839 4308 1002 4404 Reliqui
1015 4332 1120 4386 vero
1135 4304 1308 4392 colons,
1335 4317 1381 4381 ut
1400 4304 1635 4382 lividus'aut
1650 4304 1782 4404 plum-

89 4421 191 4514 beus,
215 4437 256 4507 in
279 4429 579 4540 Sonchoetque
596 4433 867 4522 Scorzonera,
892 4458 1063 4542 necnon
1091 4447 1414 4533 purpurascere,
1444 4435 1486 4506 in
1504 4429 1781 4518 recentissimis

90 4547 284 4636 seminibus
307 4561 493 4639 Bidentis
515 4574 559 4640 ec
588 4560 746 4640 Zinniae
777 4585 1066 4659 nonnunquam
1092 4559 1345 4660 reperiundi,
1374 4561 1481 4633 inter
1504 4556 1720 4634 rarissimos
1735 4563 1781 4634 el

93 4675 284 4761 inuliums
298 4688 445 4764 referri
464 4700 683 4765 merentur.
732 4686 814 4766 Per
835 4692 1168 4782 germinationem
1188 4707 1336 4764 omnen
1351 4685 1410 4761 lsti
1427 4684 1590 4760 colores
1603 4703 1779 4764 conuer-

92 4807 220 4883 mair
235 4812 278 4886 in
291 4812 482 4898 viridem,
507 4816 1065 4911 autcariusinsangnineum,
1088 4826 1139 4892 ut
1153 4818 1196 4891 in
1209 4813 1417 4892 nonnullis
1429 4807 1704 4894 Amanum

917 5103 950 5156 x
972 5095 995 5152 α
1256 5053 1261 5058 ’
1662 5071 1776 5148 Odor
