4567 5959
471 503 532 554 Lx

1175 551 1476 567 -u-

471 715 512 787 in
527 719 684 787 maturo
700 713 844 789 semine
866 716 1028 812 penitus
1051 711 1242 789 aboletur.
1292 714 1449 812 Nempe
1469 711 1583 787 brevi
1601 711 1691 808 'post
1713 709 2069 791 foecundationem,
2094 693 2164 783 ‘bo-

470 862 523 913 na
540 861 636 938 pars
654 836 792 912 Chorii
818 842 856 913 in
879 853 1137 935 augmentum
1161 841 1502 914 &formationem
1525 840 1636 914 testae
1663 840 1819 912 seminis
1842 835 1994 911 cedit&
2016 837 2054 907 in
2084 831 2165 929 ejus

471 967 641 1068 duratur
653 965 822 1056 crustam
838 993 848 1051 ;
875 964 998 1067 altera
1013 990 1114 1042 vero
1130 987 1248 1064 pars,
1276 967 1401 1059 eaque
1421 962 1547 1060 major
1572 965 1708 1038 senfim
1733 968 1772 1037 in
1790 965 1989 1056 liquamen
2008 959 2165 1034 resolvi·

470 1102 556 1175 tur,
584 1090 690 1185 quod
709 1100 841 1164 totum
856 1095 895 1164 in
913 1095 1171 1166 nutritionem
1189 1094 1534 1166 &incrementum
1548 1090 1685 1164 Amnii
1698 1101 1817 1185 atque
1835 1088 2086 1181 Embryonis
2101 1091 2166 1159 im·

472 1217 678 1316 penditur,
705 1219 939 1301 curatione,
964 1227 1011 1290 ut
1035 1219 1175 1292 abillis
1196 1230 1280 1292 tota
1294 1219 1464 1312 denique
1485 1218 1623 1293 Chorii
1648 1216 1762 1292 malla
1777 1218 2036 1293 exhauriatur
2054 1222 2166 1305 atque

434 1368 437 1371 ·
472 1346 787 1424 exterminetur,
813 1366 884 1418 nec
899 1345 1025 1417 ullum
1041 1345 1212 1441 amplius
1230 1348 1267 1417 in
1285 1357 1443 1419 maturo
1461 1346 1609 1418 semine
1625 1343 1790 1440 supersit
1808 1344 2043 1435 vestigium,
2070 1361 2167 1436 prae·

471 1480 654 1564 terquam
670 1471 708 1541 in
726 1472 861 1567 paucis
878 1471 954 1543 illis
966 1474 1198 1561 ruminatiS,
1223 1485 1341 1564 atque
1358 1473 1516 1545 chalaza
1535 1468 1734 1546 instructis
1746 1470 1979 1549 seminibus,
2006 1486 2099 1559 quae
2111 1463 2167 1534 ali·

473 1621 550 1692 qua
581 1595 800 1669 adhucdum
830 1594 1048 1691 superstitis
1075 1595 1215 1669 Chorii
1244 1597 1371 1670 secum
1404 1599 1542 1670 serunt
1580 1597 1726 1671 indicia.
1778 1590 2041 1670 Succeffivam
2074 1590 2167 1661 hanc

473 1722 620 1798 Chorii
635 1721 889 1795 abolitionem
907 1724 1010 1817 aptis
1030 1722 1206 1793 iconibus
1227 1722 1509 1820 expresserunt
1527 1722 1575 1795 Μ
1587 1741 1875 1796 noviomus
1898 1722 1972 1811 (ι.)
1994 1719 2033 1792 &
2047 1715 2167 1790 Gne·

473 1870 618 1926 w1us.
637 1845 755 1944 (a),
791 1867 893 1941 quos
912 1847 1031 1918 satius
1061 1849 1138 1919 erit
1164 1848 1390 1935 consulere,
1423 1873 1542 1944 quam
1571 1858 1703 1922 totum
1724 1849 1831 1922 hunc
1858 1843 2108 1946 processum,
2134 1845 2169 1914 in

474 1978 597 2058 uariis
618 1978 796 2057 varium,
837 1972 925 2045 heic
946 1971 1175 2046 describere.

571 2185 724 2261 Alonios·
741 2181 845 2280 (3.),
868 2184 1002 2277 liquor
1017 2183 1074 2258 est
1094 2208 1117 2256 a
1142 2185 1221 2256 sola
1241 2185 1536 2264 foecundatione
1555 2195 1718 2273 enatus-‚1
1738 2183 1846 2260 nunc
1863 2185 1974 2259 tenui
1994 2180 2166 2279 lymphae

475 2310 628 2393 similis,
654 2333 760 2383 nunc
775 2310 1006 2408 pellucidam
1028 2309 1210 2383 reserens
1231 2314 1464 2404 gelatinam,
1490 2319 1624 2389 vitreo
1649 2315 1856 2388 oculorum
1873 2311 2035 2384 humori
2055 2326 2169 2381 aemu

475 2439 575 2519 lam,
602 2437 640 2509 dt
659 2459 765 2510 nunc
782 2459 942 2530 quoque
961 2458 1126 2532 opacum
1142 2435 1353 2510 assimilans
1379 2440 1600 2532 liquamen,
1623 2443 1728 2535 quod
1743 2438 1971 2515 emulsronis
1987 2447 2060 2508 aut
2074 2428 2170 2506 lastis

475 2586 560 2661 pree
581 2563 619 2636 se
637 2562 717 2634 sert
741 2563 916 2659 speciem.
967 2560 1229 2655 Quaecunque
1256 2577 1389 2636 autem
1417 2561 1503 2657 ejus
1533 2566 1662 2639 sorma
1690 2566 1759 2649 sit,
1785 2569 1939 2662 semper
1963 2564 2097 2659 prima
2114 2557 2171 2630 sua

476 2692 584 2762 initia
603 2712 655 2761 ex
675 2689 778 2762 vasis
803 2686 1105 2779 umbilicalibus,
1132 2689 1331 2781 reliquum
1350 2709 1482 2763 autem
1510 2695 1726 2765 maximum
1751 2693 1861 2765 suum
1888 2693 2170 2761 incrementum

476 2839 531 2889 ex
559 2812 833 2906 colliquesatto
856 2811 1008 2887 Chorio
1036 2816 1160 2910 capit,
1197 2809 1311 2907 cujus
1339 2827 1566 2889 attenuatos
1591 2818 1785 2891 humores
1824 2818 1862 2887 in
1889 2815 1927 2887 se
1949 2814 2109 2910 recipit,
2132 2815 2171 2879 ut

478 2942 673 3014 illoscum
691 2940 867 3037 propriis
896 2938 973 3012 suis
994 2940 1149 3019 mistos,
1185 2940 1395 3034 embryoni
1417 2940 1570 3023 tradat,
1607 2939 1805 3037 hujusque
1831 2947 2073 3039 promoveat
2092 2937 2170 3024 aug·

477 3077 667 3141 mentum.
719 3061 837 3163 Saepe
858 3067 963 3138 intra
984 3065 1224 3161 peculiarem
1248 3066 1378 3140 haeret
1397 3069 1663 3141 membranam
1681 3122 1690 3150 ,
1723 3068 1770 3141 de
1792 3087 1868 3166 qua
1888 3089 1986 3137 mox
2005 3063 2171 3138 diceturr

477 3193 606 3266 multo
632 3202 763 3264 autem
786 3190 1038 3283 frequentius
1068 3188 1174 3263 nulla
1203 3191 1408 3266 manifesta
1433 3196 1565 3265 tunica
1591 3194 1858 3275 concluditur,
1883 3192 1947 3266 sed
1965 3217 1989 3264 a
2009 3186 2088 3262 sola
2118 3183 2173 3255 illa

478 3321 648 3392 cavitate
671 3325 904 3398 coercetur,
929 3339 1047 3409 quam
1068 3316 1136 3389 sibi
1160 3319 1197 3388 in
1220 3316 1371 3391 Chorio
1394 3316 1529 3390 sensim
1556 3318 1759 3415 exsculpit.
1810 3319 1869 3391 Ita
1898 3322 1938 3390 in
1970 3315 2079 3397 Piso,
2104 3311 2172 3384 La·

478 3441 620 3539 t'hyro,
651 3441 813 3539 Lupino
834 3442 873 3515 ὃ(
895 3442 981 3516 aliis
1002 3440 1279 3535 Leguminofis
1303 3448 1405 3536 (4.),
1431 3443 1590 3541 limpida
1628 3441 1764 3517 Amnii
1795 3444 1960 3541 lympha
1992 3445 2031 3514 in
2060 3435 2174 3513 media

479 3571 618 3646 Chorii
630 3569 759 3665 ampla
775 3571 945 3645 cavitate
962 3572 1164 3667 reperitur
1179 3568 1304 3641 libera
1318 3591 1363 3641 ac
1374 3569 1515 3653 fluida,
1545 3569 1716 3643 &fluida
1737 3593 1897 3664 quoque
1914 3572 1952 3642 in
1970 3569 2056 3650 his,
2081 3553 2173 3637 asiis·

479 3720 556 3790 que
578 3704 733 3779 manet,
760 3695 809 3767 ad
827 3697 1006 3768 ultimam
1037 3696 1159 3789 usque
1186 3696 1292 3766 suam
1321 3692 1535 3786 guttulam,
1570 3718 1661 3789 quae
1690 3697 1847 3771 demmn
1871 3696 1918 3767 ab
1946 3693 2173 3786 Embryone

478 3824 720 3896 resorbetur.
771 3820 829 3894 Et
850 3815 900 3893 fic
921 3843 1080 3915 quoque
1099 3825 1137 3894 in
1157 3822 1244 3895 aliis
1268 3821 1404 3894 multis
1432 3822 1658 3894 membrana
1681 3824 1845 3919 propria
1866 3842 1947 3893 non
1972 3817 2096 3901 adest,
2121 3811 2174 3888 sed

480 3948 621 4022 Amnis
634 3951 765 4042 liquor
789 3947 972 4019 utriculis
989 3948 1069 4040 (ς.)
1090 3949 1115 4024 l.
1135 3943 1287 4020 cellulis
1304 3949 1556 4039 continetur,
1582 3973 1603 4020 e
1620 3949 1763 4041 quibus
1778 3946 1945 4019 ss'uidior’
1954 3965 2072 4042 pars,
2100 3942 2172 4015 sen·

481 4074 550 4148 lim
565 4075 612 4148 ad
627 4075 889 4168 embryonem
906 4073 1105 4164 migrat&
1120 4076 1161 4146 in
1179 4068 1266 4169 ejus
1280 4076 1569 4146 nutrimentum
1582 4075 1685 4147 cedit
1692 4101 1704 4158 ;
1734 4075 1888 4165 reliqua
1902 4095 2003 4147 vero
2024 4064 2173 4141 craffior

480 4200 687 4276 substantia
703 4197 874 4297 persistit
895 4196 934 4272 dt
951 4221 1044 4273 eum
1069 4203 1108 4274 in
1131 4200 1293 4276 modum
1316 4206 1487 4290 augetur
1509 4207 1626 4289 atque
1645 4199 1932 4282 consolidatur,
1949 4207 2005 4270 ut
2025 4217 2105 4269 non
2127 4191 2173 4264 so·

481 4329 569 4415 lum
584 4333 714 4402 totum
736 4325 919 4401 Chorion
938 4334 1031 4400 ante
1050 4325 1088 4402 se
1105 4328 1243 4426 pellat,
1270 4324 1445 4417 illudque
1470 4321 1608 4400 senfiln
1635 4328 1796 4423 penitus
1813 4324 1970 4408 deleat,'
1983 4324 2048 4398 sed
2069 4324 2173 4395 etiam

1532 4449 1541 4464 '
2136 4447 2174 4514 ut

525 4668 571 4749 n)
594 4663 614 4729 l'.
637 4687 661 4729 c.
684 4668 732 4746 fig.
756 4687 814 4740 233.
837 4672 879 4745 Q
898 4669 946 4747 fig;
970 4688 1035 4743 234.
1058 4672 1093 4730 G.
1116 4670 1151 4728 G.
1178 4666 1226 4744 sig.
1253 4684 1318 4745 237³
1390 4667 1439 4745 3.)
1462 4670 1685 4730 Mmmu.
1707 4666 1726 4729 l.
1751 4690 1775 4730 c.
1797 4689 1826 4752 p.
1848 4685 1892 4745 71.
1913 4665 1994 4748 seqq.

588 4787 622 4844 Aa
645 4791 679 4844 n.
702 4782 751 4860 fig.
775 4796 835 4854 2384
859 4783 893 4843 C.
916 4781 973 4860 fig..
988 4800 1051 4854 239:
1073 4786 1115 4842 C..
1131 4783 1185 4842 &c
1393 4785 1445 4863 4.)
1468 4787 1510 4844 ln
1522 4800 1540 4844 Ε
1553 4799 1591 4845 Μ.
1616 4784 1663 4860 frg.
1680 4804 1738 4856 24¹·
1761 4787 1794 4844 t.
1810 4787 1854 4844 M.
1868 4785 1908 4844 N.
1923 4782 1971 4859 fig.·
1987 4794 2048 4851 243·
2064 4768 2174 4834 H¹-P·

1459 4870 1513 4929 dtr.
1536 4873 1778 4932 GLBJCHBN.
1814 4873 1871 4931 Das
1895 4866 2015 4930 Neuste.
2040 4861 2098 4921 tab.
2119 4852 2138 4915 f.
2156 4866 2176 4922 5·

525 4956 575 5037 ε.)
599 4958 685 5017 Anat.
713 4967 802 5021 tao.
832 4950 915 5028 sq„
937 4967 961 5026 t,
985 4964 1024 5021 81.
1055 4949 1083 5014 f..
1106 4972 1135 5017 1..
1156 4971 1183 5013 2.
1212 4969 1235 5023 3.
1264 4952 1323 5013 tab.
1461 4951 1504 5015 lit.
1528 4976 1557 5014 n.

590 5082 634 5138 82·
657 5065 694 5130 ffss
1397 5068 1445 5147 ς.)
1467 5071 1652 5132 Mnemon.
1670 5065 1701 5138 l.
1718 5089 1741 5128 c.
1766 5068 1814 5145 fig.
1834 5079 1894 5139 2383
1917 5071 1948 5128 Ε.
1970 5037 2003 5127 li.⁸
2027 5067 2065 5125 Hz
2080 5062 2117 5121 H.
2129 5065 2174 5114 en.
