4567 5959
469 483 518 540 Ν
1170 463 1476 522 ...ῃ-9....

569 664 713 746 Gemma
748 666 918 761 denique
943 657 1074 739 striste
1100 660 1153 737 src
1173 662 1293 751 dicu,
1315 686 1491 758 germen
1515 662 1573 740 est
1597 687 1654 739 ex
1683 665 1816 739 carina
1842 667 2021 742 subulata
2050 677 2164 764 atque

469 796 687 873 manifestis
703 793 851 869 foliolis
871 792 1078 866 herbaceis
1093 791 1375 891 compostum,
1402 791 1509 885 quod
1528 814 1684 865 ramum
1706 794 1746 865 in
1768 792 2004 891 compendio
2024 795 2164 880 refert,

468 947 544 999 nec
568 944 740 1016 unquam
764 920 813 997 de
838 928 966 994 matre
992 918 1059 992 sua
1078 918 1218 1017 sponte
1242 917 1394 992 secedit
1446 913 1573 995 Oculus
1593 917 1757 1010 dicitur,
1781 919 2036 1012 quandovel
2065 921 2165 995 solos

468 1050 610 1134 flores,
636 1048 706 1127 vel
723 1045 849 1137 flores
866 1055 987 1142 atque
1003 1042 1096 1119 solia
1113 1042 1228 1118 simul
1246 1042 1397 1125 sundit;
1427 1041 1655 1141 srmpliciter
1673 1053 1808 1119 autern
1829 1040 1973 1119 Gemma
1997 1043 2164 1144 appella·

467 1185 554 1268 tur,
581 1196 674 1269 quae
692 1178 733 1245 in
759 1194 870 1246 mera
885 1171 978 1246 solia
994 1170 1172 1248 solvitur.
1221 1168 1441 1245 Veteribus
1458 1165 1542 1265 (1),
1575 1170 1747 1245 medulla
1755 1164 1876 1264 juxta
1889 1171 2017 1246 nodos
2034 1193 2165 1245 erum·

465 1320 586 1402 pens,
618 1294 790 1374 Gemma
813 1298 1050 1408 vocabatur,
1089 1318 1182 1371 cum
1209 1295 1259 1368 ibi
1279 1294 1465 1392 cespitem
1490 1293 1598 1373 facit.
1634 1306 1726 1371 ante
1755 1318 1857 1372 vero
1887 1319 2005 1392 quam
2031 1294 2164 1381 saciat,

466 1429 507 1501 in
526 1448 706 1505 concavo
727 1423 900 1512 Oculus,
925 1408 1023 1500 &in
1044 1423 1246 1499 cacumine
1267 1419 1348 1522 ipso
1372 1419 1564 1498 Germen.

561 1675 634 1753 Ex
662 1678 848 1754 omnibus
867 1679 979 1754 hisce
1004 1675 1231 1772 germinum
1250 1674 1472 1775 speciebus,
1512 1669 1591 1746 sola
1619 1670 1760 1747 ultima
1792 1696 1869 1773 pro
1890 1695 1990 1750 vera
2010 1693 2166 1766 gemma

466 1803 594 1897 vulgo
614 1803 751 1878 haberi
771 1801 887 1889 solet,
911 1802 952 1878 dt
968 1803 1045 1902 ipse
1065 1823 1226 1897 quoque
1241 1800 1454 1875 Lruuraus
1476 1797 1547 1896 (a)
1570 1820 1650 1873 non
1674 1800 1788 1873 aliam
1806 1802 2018 1894 genuinam
2037 1798 2167 1872 statuit

465 1949 683 2021 gemmam,
712 1928 783 2002 nili
807 1952 899 2025 quae
918 1952 973 2003 ex
996 1926 1229 2024 squamulis,
1254 1926 1399 2002 foliolis
1427 1938 1546 2020 atque
1575 1926 1815 2000 secundariis
1842 1923 2074 2019 gemmulis,
2100 1919 2167 1999 vel

466 2056 508 2126 in
530 2053 649 2151 ipsam
670 2057 850 2147 quintam
873 2076 1002 2151 usque
1026 2055 1280 2153 progeniem,
1315 2055 1581 2127 consarcinata
1603 2050 1662 2130 fit.
1712 2047 1773 2125 At
1797 2048 1977 2154 pellime:
2002 2073 2097 2125 nam
2117 2052 2167 2122 ita

463 2181 629 2277 ponitur
650 2182 892 2278 particulare
918 2205 996 2281 pro
1022 2179 1259 2271 universali,
1295 2181 1444 2276 species
1466 2202 1544 2275 pro
1558 2199 1732 2271 genere;
1767 2176 1807 2252 δι
1831 2175 2043 2250 secundum
2068 2175 2168 2248 hanc

464 2302 683 2379 dotti-inam
714 2304 785 2404 ipfi
814 2306 936 2381 Bulbi
964 2307 1116 2381 solidie
1144 2327 1393 2399 gemmarum
1420 2306 1527 2379 tribu
1550 2302 1777 2380 eliminandi
1805 2301 1951 2375 forent.
2001 2299 2167 2375 Restius

464 2434 586 2526 igitur
618 2451 758 2504 veram
788 2452 959 2524 gemmae
985 2435 1193 2508 notionem
1231 2434 1269 2504 in
1300 2433 1488 2505 consensu
1523 2435 1701 2505 omnium
1735 2430 1969 2525 qualitatum
1998 2428 2166 2522 gemmis

461 2558 716 2655 propriarum
736 2556 987 2654 &speciatim
1007 2561 1046 2631 in
1066 2559 1256 2635 consimili
1278 2559 1458 2630 omnium
1477 2567 1591 2641 ortu,
1617 2556 1859 2629 formatione
1883 2565 2003 2649 atque
2025 2552 2165 2631 evolu-

462 2687 570 2757 tione
595 2687 723 2778 quaeri
744 2684 968 2768 censemus3
998 2683 1187 2778 liquidem
1212 2682 1361 2757 exinde
1390 2705 1603 2757 commune
1625 2693 1806 2776 emergat
1832 2682 2056 2773 vinculum,
2088 2702 2164 2774 quo

461 2806 640 2884 &amice
662 2812 770 2881 inter
783 2807 823 2882 se
835 2808 1044 2883 cohaerent
1056 2829 1220 2893 omnes,
1242 2810 1284 2883 ὅ(
1297 2808 1520 2885 tutiffimea
1537 2811 1648 2884 veris
1668 2808 1930 2904 segregantur
1943 2808 2165 2882 seminibus

559 3042 708 3122 Ortum
729 3067 977 3140 gemmarum
998 3069 1124 3122 unum
1142 3048 1393 3141 eundemque
1415 3069 1555 3125 omnes
1570 3049 1806 3146 scriptoreS,
1834 3047 1999 3122 sednon
2023 3059 2166 3118 omnes

460 3174 500 3246 in
520 3192 604 3247 uno
621 3172 841 3266 eodemque
868 3173 1101 3271 plantarum
1115 3173 1272 3247 viscere
1298 3174 1470 3249 statuere
1489 3176 1627 3250 solent
1678 3170 1759 3245 Alii
1779 3177 1886 3247 enim
1910 3191 2091 3266 gemmas
2112 3188 2166 3242 ex

459 3293 629 3372 medulla
661 3294 792 3372 strilte
821 3297 874 3371 sic
897 3296 1013 3383 dicta,
1048 3297 1252 3383 derivant,
1296 3302 1355 3371 uti
1387 3310 1539 3396 praeter
1571 3306 1820 3374 recentiores
1848 3298 2042 3393 quosdam
2070 3292 2166 3393 (3·)3

458 3421 645 3498 Pmmus
665 3420 770 3520 (4.),
794 3425 953 3518 quando
964 3428 1040 3499 ait:
1067 3422 1233 3504 medulla,
1247 3427 1321 3526 five
1343 3421 1406 3498 illa
1426 3423 1548 3500 uitalis
1567 3426 1685 3499 anima
1708 3430 1770 3526 est,
1795 3434 1876 3498 ante
1885 3422 1926 3522 se
1949 3419 2062 3497 tendit
2097 3417 2166 3493 lon·

455 3547 649 3646 gitudinem
674 3545 866 3645 impellens,
900 3536 1166 3648 quamdiu'nodi
1184 3551 1311 3646 pervia
1328 3561 1434 3646 putet
1457 3552 1596 3652 fistula,
1621 3577 1693 3624 cum
1712 3575 1794 3624 vero
1808 3545 1996 3646 repercuffa
2017 3544 2166 3642 erumpit
2197 3595 2206 3612 ,

383 3707 386 3716 ’
449 3677 565 3769 juxta
588 3671 716 3756 nodos,
743 3671 808 3749 hoc
824 3688 971 3750 uocatur
993 3678 1029 3751 in
1056 3675 1139 3752 Vite
1152 3699 1317 3770 genuum·
1355 3674 1438 3748 Alii
1453 3700 1557 3753 vero
1575 3700 1668 3751 cunr
1687 3675 1957 3751 Pontanena
1979 3669 2045 3770 (5)
2067 3668 2165 3745 nihil

457 3802 667 3902 quicquam
685 3799 871 3878 medullae
888 3801 1088 3892 tribuunt,
1113 3799 1176 3876 sed
1197 3803 1327 3898 prima
1349 3824 1598 3896 gemmarum
1627 3800 1861 3876 incunabula
1883 3802 1922 3872 in
1943 3798 2026 3872 solo
2054 3798 2165 3889 ligno

455 3925 606 3998 tenello
622 3934 826 4022 quaerunt.
884 3924 966 4000 Alii
990 3934 1124 3999 autem
1152 3947 1242 4000 cum
1266 3927 1539 4001 Duunnumo
1562 3926 1639 4025 (6)
1667 3945 1804 4020 aequas
1832 3927 1871 3997 in
1896 3921 2166 4022 producendis

445 4052 626 4154 gemmis
639 4062 793 4147 partes,
821 4050 1078 4134 &medullae‚
1103 4050 1143 4124 ἃ
1159 4053 1287 4145 ligno,
1314 4053 1353 4126 ὅ(
1370 4053 1440 4151 ipsi
1452 4075 1613 4147 quoque
1626 4054 1763 4125 cortici
1776 4051 1986 4145 assignant:
2013 4048 2165 4122 sorma-

456 4177 607 4249 tionem
623 4196 873 4269 gemmarum
896 4175 1100 4252 manifeste
1121 4199 1212 4251 cum
1231 4178 1447 4251 earundem
1471 4188 1566 4250 ortu
1592 4176 1906 4261 confundentem
1931 4169 2167 4266 denique&

455 4302 604 4376 iterum
620 4301 703 4387 alii,
728 4325 890 4377 carnem
904 4326 1020 4398 quam
1038 4313 1187 4379 vocant
1203 4303 1486 4397 vegetabilem,
1518 4304 1680 4378 unicum
1696 4305 1829 4378 omnis
1843 4306 1940 4380 vitae
1956 4304 1996 4375 in
2011 4297 2165 4399 plantis

2075 4421 2166 4498 fon·

541 4584 581 4666 ι.)
603 4587 699 4648 Peru.
722 4583 788 4645 hin,
811 4598 872 4647 nar.
894 4587 927 4647 L.
950 4587 1043 4647 xvu.
1064 4584 1133 4664 sect
1152 4602 1195 4661 ες.
1364 4589 1412 4670 4.)
1434 4585 1509 4648 Hist.
1533 4598 1593 4646 nat
1617 4581 1637 4649 l.
1658 4607 1685 4647 c.

539 4775 580 4843 a.)
601 4768 673 4840 Syll.
696 4782 793 4848 vaget.
820 4766 892 4831 edit.
915 4788 957 4845 14
981 4788 1011 4852 p.
1032 4785 1064 4848 7.
1365 4769 1407 4849 5.)
1430 4764 1578 4831 Differat
1599 4791 1629 4855 p.
1651 4789 1698 4843 30.
1720 4787 1760 4843 31.

537 4956 581 5037 3.)
603 4957 709 5015 Lruu.
733 4972 852 5015 amoen.
873 4931 955 5014 acad.
977 4969 1004 5013 a.
1025 4972 1055 5034 p.
1079 4967 1136 5025 191.
1293 4975 1296 4984 ¹
1369 4955 1417 5035 6.)
1439 4951 1636 5052 Naturget'ch.
1660 4952 1716 5014 der
1740 4955 1857 5016 raum.
1879 4954 1902 5015 1.
1925 4970 1955 5035 p.
1976 4963 2044 5015 ιω.
