4567 5959
482 508 657 565 LXXXVI
679 554 689 569 ,
1184 512 1491 545 -Ι-Π

484 741 690 814 nunquam
707 708 904 788 difficilius
923 732 948 783 a
962 712 1073 785 veris
1090 711 1302 787 seminibus
1319 711 1434 787 osseis
1453 712 1732 806 legregantur,
1756 734 1848 788 cum
1864 715 2006 810 quibus
2023 716 2094 790 l'cil.
2106 741 2164 792 ex·

484 855 601 919 terna
618 843 684 916 sua
705 839 833 913 forma
852 840 906 911 ita
925 848 1172 932 congruunt,
1197 847 1243 910 ut
1263 840 1303 910 in
1323 837 1467 915 horum
1482 861 1642 935 quoque
1658 862 1872 916 numerum
1892 867 1918 917 a
1930 842 2064 926 multis
2080 846 2165 916 reci-

483 975 523 1070 pi
541 971 699 1043 soleant
750 965 808 1040 Ut
824 965 946 1058 igitur
963 973 1096 1038 certos
1113 964 1279 1046 limites,
1305 974 1495 1058 quantum
1513 966 1672 1060 quidem
1691 967 1781 1043 fieri
1803 968 1949 1067 potest,
1977 971 2079 1042 inter
2103 992 2164 1066 py-

482 1117 603 1170 renas
617 1106 736 1188 atque
752 1093 898 1169 semina
912 1091 977 1164 illa
986 1110 1202 1187 ponamus3
1227 1093 1360 1165 omnia
1374 1087 1590 1168 officulaad
1603 1116 1734 1195 meras
1744 1092 1929 1190 Pyrenas
1946 1094 2165 1187 referemus,

482 1247 593 1320 quae:
623 1228 675 1297 1⁰.
702 1219 910 1318 superficie
931 1216 997 1323 lua
1012 1216 1237 1307 exteriore,
1263 1218 1492 1312 neutiquam
1516 1221 1721 1315 laevigata,
1748 1221 1812 1296 sed
1835 1224 1969 1319 potius
1997 1220 2166 1296 scabrius

482 1353 593 1433 cula,
622 1353 674 1422 ita
696 1369 786 1420 cum
801 1340 958 1418 fructus
978 1340 1187 1417 substantia
1202 1342 1524 1437 cohaerent,'ut‚
1550 1345 1594 1422 v'i
1616 1347 1760 1431 soluta,
1786 1356 1941 1445 partem
1954 1342 2042 1442 ejus
2054 1346 2164 1423 secum

482 1478 632 1551 serant:
661 1475 700 1548 in
723 1471 936 1546 Mammea.
988 1474 1045 1544 20.
1070 1470 1214 1561 quaein
1233 1469 1361 1544 medlo
1376 1468 1531 1547 frudtus
1552 1472 1697 1571 polita,
1720 1474 1819 1548 nulli
1839 1474 2086 1570 receptaculo
2100 1497 2165 1547 ma·

482 1602 650 1692 infesto,
675 1609 744 1672 aut
761 1597 939 1671 funiculo
954 1592 1180 1684 umbilicali‚
1204 1604 1322 1669 extra
1343 1598 1379 1672 se
1394 1597 1549 1695 pofitis,
1574 1598 1713 1683 affixa,
1739 1600 1803 1674 sed
1822 1599 1890 1672 loli
1912 1602 2022 1673 carni
2045 1600 2166 1672 adnata

482 1729 592 1801 sunt:
624 1729 662 1798 in
684 1724 903 1820 Aquifolio.
955 1728 1009 1813 3⁰.
1033 1744 1125 1816 quae
1141 1720 1363 1796 funiculum
1377 1726 1636 1800 umbilicalem
1650 1727 1952 1809 transmittunt,
1976 1736 2025 1797 ut
2037 1719 2166 1817 exejus

483 1856 671 1947 elongato
687 1853 766 1925 line
781 1851 912 1924 semen
928 1849 1095 1922 liberum
1118 1848 1307 1943 pendeat:
1335 1852 1373 1921 in
1401 1847 1583 1927 Erithali.
1635 1856 1697 1943 4⁰.
1724 1873 1815 1946 quae
1833 1850 1903 1925 vel
1929 1851 1968 1922 in
1994 1854 2166 1926 cavitates

482 1980 669 2081 partiales
687 1975 874 2051 subdivisa
895 1975 1001 2059 sunt,
1030 1975 1069 2045 in
1091 1994 1260 2067 quarum
1282 1973 1450 2068 singula,
1476 1976 1673 2070 singulum
1693 1978 1822 2053 haeret
1844 1978 2001 2050 semen:
2029 1980 2065 2050 in
2082 1972 2165 2049 Gre-

483 2109 580 2188 wia;
607 2106 676 2180 vel
690 2125 781 2196 quae
798 2106 900 2174 intra
921 2104 1080 2174 unicum
1096 2099 1292 2193 loculum,
1316 2123 1400 2174 uno
1418 2104 1534 2198 plura
1550 2103 1728 2178 condunt
1746 2105 1909 2178 semina:
1935 2105 1975 2175 in
2001 2100 2165 2198 lVlelpilo.

482 2238 535 2322 50.
559 2254 649 2325 quae
668 2230 798 2305 semen
822 2230 1030 2303 continent
1048 2227 1227 2300 colorato
1251 2229 1528 2320 integumento
1547 2232 1736 2327 proprio,
1762 2230 1829 2303 seu
1858 2229 2065 2327 conspicua
2087 2227 2166 2301 testa

481 2359 646 2456 propria
667 2355 868 2429 indutum:
896 2356 933 2428 in
953 2351 1228 2449 Cyminosma3
1257 2353 1426 2448 denique
1445 2361 1505 2444 7⁰.
1530 2377 1622 2449 quae
1642 2356 1719 2452 ipsa
1735 2356 1939 2439 excolora,
1965 2356 2035 2430 vel
2051 2355 2166 2428 saltem

481 2483 592 2555 nullo
614 2484 803 2580 peculiari
831 2479 965 2554 colore
994 2476 1113 2551 tincta
1137 2480 1247 2561 sunt,
1283 2480 1393 2552 licuti
1422 2481 1613 2578 pleraque
1636 2483 1780 2555 semina
1809 2504 1909 2556 vera
1936 2479 2015 2554 ell'e
2047 2479 2166 2552 solent

481 2609 561 2684 His
581 2613 710 2703 itaque
727 2606 868 2701 signis,
893 2603 1078 2699 Pyrenas
1095 2629 1116 2677 a
1137 2606 1348 2680 seminibus
1369 2604 1484 2680 oiseis
1506 2608 1778 2693 discernimus,
1804 2622 1924 2702 atque
1942 2606 2165 2683 difficultati,

481 2757 573 2829 quae
597 2758 652 2807 ex
672 2756 808 2809 earum
830 2731 1041 2831 praesentia
1067 2732 1105 2801 in
1134 2732 1284 2816 baccis,
1319 2728 1496 2829 respectu
1522 2732 1881 2809 loculamentorum
1900 2736 2078 2814 numeri,
2101 2730 2166 2802 ori·

481 2871 565 2945 tur,
591 2863 643 2934 ita
662 2860 889 2940 medemur,
914 2868 961 2931 ut
974 2880 1062 2931 cum
1077 2857 1296 2933 Veteribus
1308 2860 1444 2932 baccas
1457 2857 1675 2935 statuamus
1691 2860 1728 2934 di
1735 2861 1806 2934 -tri
1816 2901 1827 2915 ·
1831 2870 1938 2957 penta
1947 2904 1960 2917 ·
1963 2856 2076 2954 poly-
2081 2876 2167 2952 pyre-

482 3012 566 3069 πως
591 2997 710 3081 atque
733 2994 966 3083 computum
985 2983 1345 3059 loculamentorum
1361 2985 1550 3060 ducamus
1574 3011 1782 3062 anumero
1801 2990 2020 3062 cavitatum
2042 2984 2166 3081 partia·

481 3114 578 3186 lium
594 3112 705 3187 fimul
719 3113 954 3187 sunitarum:
980 3113 1031 3184 ita
1059 3120 1106 3184 ut
1127 3108 1398 3187 Mammeae&
1419 3110 1613 3209 Aqulfolii
1639 3113 1753 3187 bacca
1780 3115 1828 3190 sit
1852 3126 2076 3211 tetrapyrena
2098 3128 2166 3207 que

482 3234 719 3333 drilocularis,
744 3237 783 3313 &
798 3239 913 3311 bacca
929 3232 1129 3321 Grewiae,
1156 3233 1246 3311 ali-1.
1260 3249 1483 3338 tetrapprenu
1501 3237 1751 3317 otiolocularis.

578 3447 760 3523 Alteram
781 3455 935 3544 partem
951 3447 1099 3521 interni
1117 3443 1291 3532 fruitus,
1316 3446 1565 3549 Diffepimenta
1576 3450 1602 3523 l.
1618 3447 1728 3547 Septa
1744 3450 1943 3533 efficiunt,
1969 3470 2063 3542 quae
2079 3447 2166 3541 saepe

481 3576 561 3651 sola
580 3574 938 3649 loculamentorum
956 3571 1103 3649 limites
1118 3574 1324 3649 definiunt
1374 3574 1623 3651 Formantur
1639 3577 1858 3672 generatim
1876 3598 1930 3652 ex
1947 3575 2103 3648 laminis
2115 3592 2166 3644 va·

480 3704 553 3775 riae
567 3699 747 3776 craffitiei
764 3712 883 3795 atque
896 3701 1175 3788 conlistentiae,
1202 3723 1293 3796 quae
1307 3704 1355 3776 ab
1370 3723 1450 3774 una
1461 3701 1508 3775 ad
1522 3704 1687 3777 alteram
1702 3700 1854 3777 frudtus
1865 3715 2023 3801 partem
2038 3695 2164 3774 ariae,

480 3830 648 3901 nuncin
673 3827 853 3925 opposito
879 3828 1027 3923 latere,
1053 3851 1160 3902 nunc
1178 3831 1217 3901 in
1235 3829 1320 3912 axi,
1346 3829 1386 3903 ἃ
1405 3852 1513 3903 nunc
1540 3852 1702 3923 quoque
1727 3838 1819 3905 ante
1841 3829 1947 3903 hunc
1962 3830 2165 3903 finiuntun

482 3964 617 4029 cetera
631 3976 733 4029 vero
753 3954 1006 4046 sequentibus
1024 3956 1337 4054 proprietatibus
1350 3966 1468 4051 atque
1488 3956 1615 4030 modis
1632 3959 1737 4029 inter
1750 3956 1787 4029 se
1803 3953 2016 4030 differunt:

578 4159 832 4236 Cohaelione:
858 4163 963 4237 unde
985 4164 1255 4263 dillepimenta
1276 4163 1462 4248 castratio,
1486 4188 1688 4259 quaecum
1709 4168 1777 4238 axi
1799 4163 1953 4240 fruitus
1976 4165 2165 4241 cohaerent

480 4286 521 4362 δι
535 4310 556 4360 a
571 4290 787 4385 parietibus
804 4313 877 4388 per
889 4293 1158 4365 maturitatem
1178 4293 1317 4390 sponte
1337 4293 1567 4368 solvuntur:
1594 4294 1685 4366 sunt
1705 4293 1773 4368 vel
1791 4291 1961 4369 stabilia:
1987 4296 2028 4365 in
2049 4288 2163 4365 Swie-

480 4417 609 4498 tenia‚
642 4413 828 4507 Cedrela,
863 4414 1074 4501 Paullinia3
1100 4420 1167 4494 vel
1196 4417 1387 4492 rarillime
1413 4419 1555 4492 caduca
1583 4415 1792 4493 lmohilia:
1818 4422 1856 4492 in
1884 4410 2163 4510 Plantagine&

480 4539 666 4614 Bankliis
686 4540 974 4615 bilocularibus.
1023 4542 1244 4627 Paricialia,
1269 4565 1361 4639 quae
1374 4545 1422 4618 ab
1437 4547 1503 4617 axi
1516 4545 1726 4629 secedunt,
1753 4545 1792 4620 &
1806 4569 1895 4619 cum
1909 4547 2077 4630 maturis
2092 4537 2162 4613 val·

479 4668 588 4742 vulis
606 4668 828 4741 cohaerent:
855 4669 893 4739 in
920 4664 1062 4767 Tulipa
1090 4670 1371 4744 &innumeris
1393 4671 1491 4745 aliis.
1542 4668 1774 4767 Capelianum
1800 4693 1892 4764 quae
1912 4694 1985 4747 nec
2014 4671 2061 4743 ab
2088 4664 2161 4742 axi,

480 4816 591 4867 neca
611 4795 829 4892 parietibus
845 4815 1020 4887 unquam
1038 4799 1199 4893 penitus
1223 4797 1458 4874 solvuntur:
1485 4800 1526 4871 in
1539 4794 1801 4896 Campanula,
1827 4794 2056 4891 saxifraga,
2081 4792 2161 4865 dru-

479 4922 542 5018 pis
562 4922 783 5018 plerisque,
810 4919 850 4993 &
874 4921 1001 4996 baccis
1023 4922 1223 4997 omnibus.

1926 5070 2161 5151 Extenssone
