4567 5959
463 522 587 604 Ιινι
1078 565 1082 572 .
1213 514 1518 572 =====

506 715 560 789 tis
581 710 802 810 aphroditis
827 711 1022 789 invisibile
1044 712 1099 788 fit.
1153 712 1255 789 Haec
1272 707 1405 810 itaque
1422 724 1576 803 onmia,
1601 722 1668 813 qni
1686 721 1812 797 libero
1835 744 1856 794 a
1878 714 2111 819 praejudiciis
2124 722 2186 793 aui·

505 862 574 918 mo
599 837 876 937 perpenderit,
926 842 1086 914 minime
1111 842 1318 939 spermatis
1345 844 1522 918 seminini
1548 860 1806 944 apparentem
1828 844 2024 922 descitum
2051 848 2186 922 mirabi-

506 974 594 1046 tur,
622 964 685 1039 sed
704 964 824 1038 facile<
838 967 1049 1061 intelliget:
1075 966 1195 1060 quod
1208 966 1316 1042 iliud.
1341 970 1495 1043 etiamsi
1513 971 1624 1047 adlit.
1647 975 1688 1045 in
1711 973 1842 1047 sensus
1863 973 2002 1050 cadere
2021 994 2100 1046 non
2118 973 2186 1066 pol-

506 1089 574 1175 s1t3
598 1090 705 1187 quod
723 1091 762 1163 in
780 1091 938 1166 seminis
963 1093 1213 1190 receptaculo
1227 1096 1393 1190 proprio
1410 1104 1453 1168 et
1471 1096 1693 1194 praesertim
1705 1094 1879 1194 juniori,
1904 1097 2053 1173 affatim
2068 1096 2188 1171 assimi-

505 1217 574 1291 lati
601 1216 769 1312 liquoris
794 1217 1007 1302 habeatur,
1032 1218 1139 1295 unde
1154 1220 1307 1317 sperma
1321 1220 1486 1317 produci
1509 1221 1644 1321 poliit3
1677 1227 1784 1320 quod
1804 1225 1894 1300 vasa
1917 1225 2071 1323 spiralia
2087 1226 2123 1296 in
2138 1222 2187 1296 lu·

505 1343 650 1418 niculis
679 1344 985 1426 umbiliealibus‚
1023 1343 1128 1417 haud
1155 1345 1288 1419 minus
1319 1344 1457 1423 idonea
1481 1346 1560 1423 effe
1584 1350 1730 1449 possint
1757 1327 1952 1434 seminini,
1999 1371 2114 1445 quam
2137 1348 2188 1422 illa

508 1470 587 1568 ipsa
610 1470 759 1544 suntin
783 1470 990 1546 stauriuum
1011 1467 1244 1568 lilameutis,
1278 1473 1485 1548 masculini
1508 1475 1717 1573 spermatis
1741 1477 1999 1551 secretionem
2021 1470 2187 1569 adjuran-

509 1597 564 1698 tia
589 1617 758 1690 organa3
789 1605 833 1669 et
854 1597 1043 1690 denique,
1078 1597 1184 1689 quod
1210 1617 1311 1672 vera
1332 1602 1517 1691 genitura
1543 1602 1731 1699 feminee,
1765 1623 1853 1676 non
1883 1599 1977 1684 alio,
2012 1621 2129 1695 quam
2149 1622 2186 1674 ec

509 1721 670 1820 praecise
695 1726 733 1796 in
760 1721 850 1795 loco
873 1720 1019 1818 deponi
1044 1720 1179 1819 poliit,
1215 1723 1281 1820 ubi
1303 1713 1490 1802 vasorum
1509 1727 1788 1804 umbilicalium
1812 1728 1943 1801 ultimi
1966 1725 2069 1800 fines
2089 1726 2123 1798 in
2138 1748 2186 1798 ca·

509 1854 676 1930 vitatem
703 1845 817 1924 evuli
840 1849 1096 1944 aperiuntur,
1134 1858 1177 1921 et
1207 1848 1259 1922 ibi
1292 1848 1427 1947 pallini
1457 1853 1497 1925 in
1520 1855 1695 1929 tunicam
1726 1849 1882 1929 Sauculi
1911 1853 2187 1945 colliquamenti

507 1979 709 2053 laxantur.
758 1971 817 2047 Et
842 1973 942 2046 lianc
959 1973 1174 2070 spermatis
1195 1963 1373 2048 seminini
1400 1975 1529 2051 sedem
1559 1980 1636 2077 ipsa
1655 2000 1821 2077 quoquc
1841 1980 2092 2077 experientia
2112 2000 2187 2053 oon·

483 2104 668 2195 ,firinatz
714 2099 870 2177 namin
891 2098 1076 2173 omnibus
1097 2100 1322 2198 plantarum
1343 2100 1574 2186 seminibus,
1618 2104 1791 2200 embryo
1821 2103 2049 2181 coustmter
2081 2125 2188 2202 prope

510 2233 667 2305 interna
690 2224 1174 2318 vasorumumbilicalium
1202 2223 1298 2300 ostia
1323 2227 1522 2320 gignitum
1554 2230 1595 2302 in
1615 2232 1706 2306 ovis
1724 2234 1879 2315 avium,
1914 2226 2104 2328 punitum
2121 2229 2187 2304 lali·

509 2374 585 2430 ens
607 2351 655 2428 ad
675 2351 793 2426 solam
819 2351 1081 2426 cicatriculam
1105 2351 1272 2434 amicata
1307 2362 1350 2426 et
1378 2352 1416 2428 in
1442 2352 1669 2448 Rauarum,
1694 2353 1948 2451 Pisciumque
1969 2359 2079 2439 ovis,
2104 2354 2189 2430 nulla

510 2480 755 2557 foecundatio
783 2478 918 2552 locum
947 2475 1093 2551 habere
1116 2475 1263 2577 pollet,
1301 2475 1374 2552 nisi
1400 2478 1514 2557 suum
1545 2482 1624 2580 ipsa
1659 2481 1789 2561 secum
1816 2494 2030 2588 portarent
2058 2484 2189 2583 sperma

510 2607 757 2683 femininum.
2082 2608 2088 2618 ’

609 2820 668 2898 Ita
686 2820 862 2896 stabilitis
884 2821 1081 2913 geniturae
1096 2819 1280 2898 seminece
1302 2818 1523 2906 existentia,
1550 2820 1727 2904 fontibus
1746 2796 1865 2918 atque
1884 2821 2103 2909 domicillo,
2124 2841 2189 2895 non

511 2947 668 3026 difficile
689 2945 762 3040 est,
799 2956 928 3020 totum
946 2945 1252 3022 soecundationis
1275 2945 1495 3046 processum
1521 2970 1576 3030 ex
1596 2949 1712 3048 supra
1732 2946 1845 3026 distis
1862 2949 2078 3048 complere.
2128 2945 2189 3021 lni-

511 3053 614 3153 tium
639 3095 783 3171 nempe
805 3071 897 3147 facit
920 3069 1051 3169 pollen
1072 3073 1298 3159 antherale,
1323 3071 1437 3172 cujus
1462 3076 1710 3171 oleaginosus
1731 3077 1842 3155 latex
1868 3098 1956 3151 cum
1977 3074 2190 3154 terebinthi·

512 3224 637 3278 naceo
663 3199 854 3298 stigmatis
879 3220 992 3281 rore,
1030 3199 1170 3278 intime
1191 3202 1439 3280 commixtus
1468 3205 1507 3282 in
1537 3201 1739 3282 uniforme
1761 3201 1841 3281 abit
1863 3202 2082 3297 liquamen:
2130 3200 2190 3272 bor.

511 3328 648 3432 postea
670 3349 693 3402 a
712 3326 903 3422 stigmatis
924 3327 1038 3424 poris
1059 3324 1260 3411 haustum,
1292 3327 1500 3427 capillares
1520 3324 1667 3423 trajicit
1687 3326 1780 3424 styli
1801 3326 2025 3409 tubuloset
2046 3330 2085 3401 in
2103 3348 2191 3400 con·

432 3477 436 3482 “
512 3477 634 3531 mune
663 3452 821 3529 leminis
847 3449 1070 3532 effunditur
1100 3451 1417 3550 receptaculum:
1470 3453 1520 3528 ibi
1546 3477 1647 3532 vero
1673 3453 1996 3552 spermaticorum
2028 3454 2191 3531 vasorum

513 3578 682 3656 offendit
703 3577 857 3655 radices
883 3575 924 3658 bt
946 3579 993 3652 ab
1017 3601 1161 3658 eorum
1180 3576 1329 3653 ostiolis
1352 3573 1574 3667 imbibitur,
1605 3590 1653 3655 ut
1671 3579 1831 3664 dehinc,
1864 3603 1939 3678 per
1952 3577 2190 3660 umbilicalem

512 3708 730 3783 funiculum
751 3706 799 3779 ad
825 3704 939 3781 oculi
960 3689 1170 3781 cavitatem
1199 3704 1453 3805 deportetur,
1503 3706 1568 3784 ubi
1604 3707 1818 3783 femineum
1844 3705 2007 3786 haerens
2043 3708 2190 3805 sperma,

512 3834 708 3912 advenam
726 3830 872 3905 undam
894 3833 1063 3930 excipit,
1087 3830 1127 3909 δι
1149 3852 1239 3904 cum
1261 3853 1309 3904 ea
1334 3833 1373 3904 in
1400 3834 1576 3931 prImum
1592 3854 1712 3910 novae
1734 3834 1831 3909 vitae
1847 3830 2015 3907 confluit
2039 3833 2196 3907 sontem:

512 3984 605 4036 nam
627 3982 683 4037 ex
702 3960 924 4051 'utriusque
957 3951 1078 4053 hujus
1100 3956 1211 4033 fluidi
1234 3958 1415 4047 miscela,
1439 3956 1558 4034 brevi
1578 3956 1687 4055 post,
1719 3956 1826 4054 quasi
1841 3980 1916 4056 per
1932 3960 2067 4036 vivam
2087 3976 2191 4056 quan·

512 4089 602 4163 dam
631 4083 1017 4182 crystallisatiouem,
1053 4083 1217 4159 solidum
1244 4085 1416 4177 emergit
1439 4082 1745 4181 corpusculum,
1798 4084 1907 4178 quod
1931 4081 2015 4181 jam
2040 4081 2119 4181 jam
2138 4079 2191 4154 fibi
2240 4078 2253 4160 i

512 4216 635 4306 vivit,
680 4233 755 4287 nec
774 4209 859 4286 aliis
885 4233 1011 4309 porro
1036 4197 1186 4305 indiget
1204 4212 1382 4294 auxiliis,
1421 4207 1491 4282 nili
1515 4208 1596 4286 solo
1618 4233 1673 4283 ex
1693 4211 1805 4284 ovuli
1828 4209 2065 4287 humoribus
2084 4205 2191 4285 nutri·

514 4347 673 4433 mento,
710 4348 757 4413 ut
777 4335 969 4414 senliinin
993 4340 1080 4412 veri
1098 4338 1333 4432 embryonls
1357 4335 1545 4410 formam.
1585 4338 1762 4434 propriis
1783 4332 1860 4420 suis
1884 4340 2038 4414 viribus
2062 4354 2190 4412 conva-
2252 4357 2253 4360 ’

515 4467 649 4542 lescat.
700 4461 803 4541 Haec
823 4464 949 4562 prima
963 4464 1269 4557 'organisationis
1292 4462 1526 4557 vegetabilis
1545 4451 1671 4543 initia,
1696 4482 1776 4534 non
1798 4465 1945 4549 oculis,
1978 4464 2042 4538 sed
2057 4463 2191 4537 ratione
2252 4493 2253 4548 i

514 4603 669 4669 tantum
694 4589 836 4682 assequi
855 4583 1030 4686 polliintr
1080 4610 1172 4683 quae
1197 4598 1331 4663 autem
1365 4583 1565 4687 percitam
1595 4587 1712 4664 semel
1741 4588 2077 4665 soeoundationem
2110 4582 2166 4659 inl
2179 4624 2191 4638 ·
2252 4619 2253 4662 l

515 4729 696 4816 quuntur
715 4719 974 4799 mutationes,
1013 4716 1089 4791 illae
1112 4713 1204 4815 ipsis
1229 4723 1368 4814 patent
1387 4714 1559 4818 sensibus
1578 4723 1618 4791 et
1637 4714 1773 4790 varias
1800 4716 2027 4815 plantarum
2054 4719 2190 4814 partes,

516 4845 630 4922 vario
657 4841 774 4921 modo
799 4841 984 4917 afficiunt.
1030 4851 1036 4860 “

2061 5017 2192 5096 Rarius
