4567 5959
815 501 1144 564 maer.v
1662 493 1821 555 1cuxxr
1966 467 1971 480 “

230 717 234 722 ’
271 721 275 728 ·
310 673 677 790 vamruuuouvm
686 701 1480 807 ingreuunmrvumzmemurymuus
1489 703 1628 798 rems,
1643 706 1817 808 meaos,
1893 673 1899 684 ’

310 835 533 920 uncinatis,
556 836 729 911 arcuatis
742 835 783 911 δι
796 837 888 937 ipfis
906 836 1141 920 cochleatim

255 1013 450 1112 inclinatu,
472 1039 643 1113 quarum
663 997 756 1094 airis
776 1039 866 1096 cum
884 1023 953 1096 axi
972 1016 1259 1115 cotyledonum
1283 1013 1331 1093 ad
1352 1018 1544 1114 angulum
1566 1015 1720 1095 reuum
1744 1026 1815 1094 aut

310 1143 494 1219 obtulum
510 1139 789 1240 conjungitur:
817 1147 858 1219 in
878 1144 1006 1231 Ruta,
1030 1137 1222 1229 At'hecia‚
1254 1135 1521 1230 Andrachue,
1556 1143 1814 1246 Hippophai‘„

311 1267 600 1368 Pentaphyllo,
626 1266 780 1348 Malvis
794 1272 941 1356 variisa

252 1452 412 1549 reflexu,
436 1447 664 1548 quaejuxta
682 1452 801 1551 ipsam
822 1449 1106 1547 cotyledonuru
1128 1449 1236 1526 bullar
1252 1450 1379 1529 subito
1400 1454 1541 1531 versus
1562 1452 1725 1532 alteram
1747 1474 1812 1527 ea·
1860 1441 1864 1448 ’

309 1597 403 1652 rum
420 1580 723 1653 extremitatem
744 1588 1014 1653 recurvantur
1042 1577 1083 1652 ἃ
1105 1577 1175 1653 vel
1200 1577 1423 1664 lareribus,
1444 1579 1512 1655 vel
1535 1581 1650 1655 rimae
1672 1598 1813 1653 earum

307 1702 566 1807 accumbunt:
593 1706 634 1778 in
658 1703 959 1800 embryonibus,
975 1699 1290 1804 conduplicetur,
1329 1707 1506 1783 maxime
1528 1701 1814 1800 Siliquosarum

311 1826 352 1905 δι
368 1826 750 1923 Leguminolirumr
839 1893 844 1904 .

248 2000 437 2089 involuto,
462 2026 554 2099 quae
578 2004 703 2103 ipsum
715 2004 953 2099 embryonis
967 2002 1214 2080 constituunt
1232 2025 1375 2087 axem,
1401 2005 1506 2079 circa
1521 2023 1641 2099 quem
1660 1999 1813 2095 cotyle-
1932 2029 1934 2032 ¹

307 2128 436 2203 dones
456 2132 510 2205 ita
529 2125 760 2205 convolutae
777 2129 893 2216 lunt,
920 2138 968 2204 ut
983 2123 1198 2205 maximam
1214 2125 1402 2205 radiculae
1418 2139 1574 2228 partem
1591 2127 1813 2218 occultent,

314 2255 357 2326 in
385 2252 567 2349 Ayenia‚
604 2252 755 2330 Punica
766 2249 786 2341 ,'
815 2251 1113 2352 myrobalano,
1136 2255 1178 2330 δι
1204 2255 1497 2350 quodammodo
1522 2255 1564 2328 in
1590 2247 1813 2337 Peiiveria,

311 2376 455 2473 Ceiba,
481 2377 675 2479 Goss'ypio
692 2380 733 2455 ὅ(
753 2381 840 2457 aliis
861 2381 1217 2482 contortuplicatis.

204 2589 394 2684 Denique
416 2586 596 2688 respestu
624 2569 864 2690 receptaculi
886 2586 1042 2665 fruitus
1065 2600 1135 2666 aut
1162 2592 1322 2670 seminis
1344 2592 1515 2692 proprii,
1539 2609 1635 2686 quae
1651 2589 1813 2685 quidem

115 2713 206 2793 litus
222 2716 368 2792 relatio
388 2717 554 2791 maximi
574 2721 768 2794 momenti
788 2717 869 2803 est,
894 2716 1082 2792 radiculae
1102 2718 1248 2793 dantur

115 3005 119 3014 Ι
241 2893 385 2999 supero
394 2904 465 2971 aut
474 2891 732 2996 adscendentes,
761 2920 853 2995 quae
870 2897 940 2977 suo
955 2902 1066 3000 apice
1075 2901 1271 2977 verticem
1286 2891 1441 2974 fructus
1454 2897 1678 2997 respiciunt.
1711 2889 1810 2972 Sim·

307 3021 467 3122 pliciter
489 3023 642 3124 superae
667 3024 873 3113 dicuntur,
907 3029 1065 3124 quando
1090 3051 1147 3103 ex
1170 3023 1355 3125 suprema
1386 3023 1545 3098 seminis
1571 3032 1685 3121 parte
1705 3018 1815 3096 retii

308 3145 460 3225 sursum
481 3149 671 3227 tendunt:
700 3150 739 3223 in
756 3143 1052 3241 Urnbellileris‚
1076 3153 1298 3251 Dipsaoeis,
1329 3145 1583 3249 Asperifoliis
1604 3148 1677 3223 &c
1726 3143 1815 3222 Ai-

308 3273 540 3351 scendentes
563 3286 698 3350 autem
710 3277 986 3375 appellantur,
1012 3302 1103 3376 quae
1128 3271 1152 3354 e
1174 3279 1251 3354 bafi
1273 3286 1343 3353 aut
1362 3275 1486 3352 latere
1508 3273 1667 3351 seminis
1691 3281 1813 3358 ortae,

308 3395 379 3475 suo
396 3404 507 3500 apice
526 3400 678 3477 sursum
702 3413 907 3498 vergunt:
932 3409 974 3480 iu
993 3403 1188 3491 Cannabi,
1217 3398 1421 3489 Perimes,
1450 3401 1591 3498 Rhoe,
1622 3397 1815 3492 Tetrago·

308 3530 391 3614 nia,
423 3523 652 3623 Corrigiola
673 3525 745 3604 &c

248 3677 377 3777 instra
390 3689 461 3754 aut
474 3674 726 3779 descendentes,
749 3701 841 3775 quac
859 3680 930 3755 suo
946 3681 1059 3780 apice
1075 3681 1181 3758 basin
1201 3691 1271 3758 aut
1284 3681 1554 3783 pedunculum
1573 3673 1730 3752 fruitus
1745 3699 1812 3751 re·

309 3805 489 3903 spiciunt.
537 3797 685 3881 stricte
708 3804 849 3882 inserae
865 3806 1069 3889 dicuntur,
1095 3828 1187 3902 quae
1205 3831 1261 3883 ex
1287 3810 1365 3882 ima
1385 3807 1544 3882 seminis
1565 3810 1681 3901 parte
1703 3799 1811 3879 resta

309 3929 493 4007 deorsum
518 3940 714 4025 vergunt:
740 3933 781 4005 in
794 3928 1060 4031 Compositis,
1086 3929 1373 4015 Verticillatis,
1398 3925 1579 4007 Stellatis
1591 3928 1662 4003 &c
1711 3929 1812 4005 Des·

310 4057 528 4134 condentes
545 4068 696 4143 autem,
721 4080 814 4154 quae
835 4081 892 4132 ex
910 4058 1093 4158 suprema
1106 4057 1343 4152 embryouis
1362 4064 1477 4153 parte
1495 4055 1565 4129 suo
1583 4055 1694 4153 apice
1716 4077 1813 4131 ver·

307 4182 373 4259 sus
390 4183 496 4259 basin
520 4186 708 4262 tendunt:
736 4187 775 4258 in
796 4183 971 4270 Meefia,
996 4181 1193 4280 Greggia,
1222 4177 1441 4279 Alestrym
1466 4178 1705 4268 Buerhavia,
1730 4180 1815 4258 Mi·

310 4311 425 4385 rabili
445 4311 519 4387 &c

251 4463 474 4561 tantopere,
506 4465 576 4540 vel
601 4464 795 4560 absolute,
827 4467 897 4543 vel
924 4464 1092 4540 relative
1121 4459 1223 4539 tales
1246 4462 1346 4538 sunt.
1396 4459 1582 4551 Priores,
1611 4461 1651 4533 in
1679 4455 1815 4534 frusta

310 4579 492 4681 fimplici,
516 4606 638 4659 axem
660 4585 729 4662 vel
753 4585 1047 4684 receptaculum
1073 4584 1266 4660 seminum
1294 4603 1507 4658 commune
1530 4580 1708 4678 apicibus
1736 4578 1816 4653 suis

312 4699 543 4798 respiciunt:
571 4706 610 4776 in
641 4702 804 4804 Tulipa,
831 4702 1121 4788 Metrofidero,
1160 4701 1480 4794 Rhododendro,
1512 4697 1724 4774 Nicetiana
1742 4697 1814 4772 &c
1889 4765 1893 4774 .

179 4809 183 4816 ’
310 4817 562 4897 Posteriores
580 4813 708 4907 vero,
727 4811 779 4896 ¹in
808 4815 942 4900 fruitu
961 4820 1176 4920 conjugato
1193 4824 1261 4899 vel
1286 4820 1613 4919 multicaplulari,
1639 4836 1815 4891 commu·

313 4942 356 5015 1¹1
375 4941 534 5036 quidem
554 4945 623 5019 axi
637 4942 818 5026 obversae
831 4944 939 5030 sunt,
963 4946 1087 5022 sedin
1105 4945 1340 5046 pericarpiis
1358 4937 1612 5041 partialibus,
1638 4937 1742 5010 letus
1756 4935 1815 5007 in-

1006 5085 1039 5161 y
1063 5083 1086 5137 2
1652 5061 1818 5127 ternum
