4567 5959
461 493 510 548 VI

562 675 786 758 Haeeultro
800 669 945 768 liquida
958 668 1205 747 &facillimae
1218 691 1378 766 quoque
1392 669 1653 765 indagationis
1666 669 1808 745 suntin
1823 671 2006 745 omnibus
2019 670 2165 769 plantis

461 806 786 912 persestioribus,
812 801 908 897 quin
932 797 971 873 dt
994 799 1035 870 in
1056 798 1157 871 bene
1179 797 1319 871 multis
1343 820 1398 871 ex
1431 794 1772 895 imperfestiorum
1797 795 1927 870 censu.
1977 794 2037 870 At
2060 800 2165 874 inter

460 939 535 1012 has
555 934 797 1035 posteriores
813 925 1284 1019 danturquoquevariae,
1311 946 1480 1018 quarum
1494 923 1690 1021 fimplices
1703 946 1750 996 ac
1764 921 1976 996 veriffimae
1996 945 2166 1017 genrmae

462 1070 655 1163 apparatu
683 1054 854 1152 quodam
886 1052 1075 1145 organico
1095 1049 1249 1148 stipatae
1278 1051 1386 1135 sunt,
1424 1052 1492 1145 qui
1518 1049 1587 1126 vel
1616 1047 1858 1147 peritilsnnis
1880 1051 1918 1122 in
1941 1061 2029 1123 arte
2054 1048 2167 1125 Viris

460 1210 537 1288 pro
558 1184 719 1282 genitali
739 1189 931 1279 apparatu
949 1177 1150 1277 imposuit,
1179 1176 1304 1270 &qui
1325 1174 1528 1270 diagnosrn
1553 1174 1711 1250 istarum
1734 1196 1983 1269 gemmarum
2001 1180 2167 1253 omnino

460 1314 592 1389 reddit
611 1313 733 1403 longe
750 1305 1029 1381 difficillimam.
1080 1303 1127 1377 In
1153 1302 1230 1376 hoc
1250 1304 1382 1394 itaque
1402 1302 1508 1386 casu,
1534 1311 1628 1374 ante
1648 1302 1801 1386 omnia,
1830 1305 1870 1375 in
1895 1325 2034 1377 veram
2059 1304 2168 1379 istius

443 1415 680 1540 'apparatus
706 1431 879 1510 indolem
903 1439 1040 1508 curate
1063 1429 1363 1524 inquirendum,
1396 1438 1517 1521 atque
1536 1427 1643 1501 hunc
1669 1430 1710 1500 in
1730 1427 1872 1513 finem,
1896 1430 1942 1504 ad
1965 1430 2170 1523 sequentia

464 1566 647 1665 inprimis
677 1567 877 1637 momenta
903 1557 1036 1635 sedulo
1063 1560 1140 1631 erit
1165 1553 1471 1630 attendendum:
1517 1575 1661 1652 nempe
1693 1558 1731 1625 1⁰
1757 1577 1853 1628 num
1876 1555 2083 1630 accessoria
2107 1559 2170 1633 illa

465 1714 615 1788 organa
631 1692 670 1762 in
685 1691 871 1763 omnibus
887 1686 926 1761 δι
942 1683 1107 1779 fingulis
1124 1677 1302 1778 ejusdem
1322 1681 1483 1776 generis
1503 1679 1706 1779 speciebus
1724 1683 1978 1779 reperiantur
2000 1683 2039 1756 ὅ(
2058 1682 2170 1758 ssmili

465 1840 625 1915 quoque
644 1817 683 1889 in
701 1816 887 1888 omnibus
901 1812 939 1885 se
953 1811 991 1885 se
1011 1810 1181 1884 habeant
1200 1808 1340 1890 modo;
1367 1812 1412 1879 20
1433 1828 1532 1881 num
1555 1806 1621 1880 illa
1639 1827 1729 1881 cum
1751 1810 1863 1884 veris
1882 1808 1920 1882 &
1942 1809 2170 1886 indubitatis

465 1939 643 2040 ejusdem
671 1936 818 2040 plantae
840 1936 1078 2033 genitalibus
1097 1945 1283 2010 mutuum
1306 1935 1451 2008 habere
1470 1944 1622 2028 queant
1641 1937 1945 2019 commercium;
1976 1946 2172 2013 utrumve

465 2070 534 2146 vel
552 2067 769 2164 temporis,
797 2065 867 2141 vel
885 2063 1000 2146 litus,
1025 2064 1093 2138 vel
1109 2061 1439 2136 conformationis
1464 2060 1545 2133 suae
1564 2062 1742 2143 ratione,
1767 2071 1886 2134 extra
1904 2082 2056 2136 nexum
2080 2084 2173 2137 cum

465 2196 531 2269 his
554 2192 678 2292 posita
695 2190 793 2274 fint3
818 2190 858 2266 δι
879 2189 1049 2284 denique
1071 2195 1266 2284 3⁰·n0nne
1285 2183 1483 2283 ejusmodi
1504 2183 1739 2260 accessorius
1764 2197 1980 2283 apparatus
2003 2186 2174 2263 libenter

466 2324 508 2395 in
526 2322 874 2395 locum‘verorum
897 2312 1127 2409 genitalium
1148 2316 1366 2390 succrescat
1387 2312 1428 2387 δι
1447 2336 1537 2388 cum
1562 2314 1610 2385 iis
1627 2312 1772 2410 saepius
1784 2313 1984 2390 alternet?
2024 2313 2174 2409 Quodn

467 2449 573 2523 enim
598 2443 667 2522 ista
688 2463 839 2536 organa
862 2442 1119 2519 inconstantis
1141 2441 1181 2516 δι
1203 2441 1404 2517 variabilis
1422 2439 1575 2515 suerint
1599 2441 1765 2524 indolis,
1799 2449 1870 2512 aut
1888 2441 2063 2538 impediti
2082 2464 2175 2516 cum

465 2575 578 2650 veris
595 2569 832 2666 genitalibus
846 2571 1098 2667 reperiantur
1115 2568 1361 2650 commercii,
1392 2565 1429 2638 id
1445 2576 1555 2642 certo
1571 2567 1662 2639 satis
1685 2567 1764 2639 erit
1779 2564 2041 2651 documento,
2067 2566 2176 2660 quod

466 2721 541 2772 nec
563 2697 657 2795 ipsa,
683 2718 759 2770 nec
776 2704 912 2791 partes
931 2697 1036 2767 intra
1054 2694 1092 2768 se
1114 2704 1338 2777 contentae,
1363 2689 1410 2764 ad
1431 2691 1647 2784 genitales,
1673 2690 1739 2767 sed
1763 2695 1901 2789 potius
1922 2691 1970 2766 ad
1988 2691 2174 2796 simplicis

466 2825 736 2916 vegetationis
751 2831 888 2919 partes
901 2819 1044 2895 referri
1064 2818 1243 2892 debeant
1294 2815 1447 2892 Contra
1461 2827 1617 2901 autem,
1644 2816 1673 2889 sl
1689 2818 1883 2894 constanti
1897 2821 1977 2893 r'itu
1993 2817 2176 2893 &forma

469 2946 685 3042 gaudeant,
712 2968 788 3019 nec
816 2948 1067 3042 reciprocum
1100 2965 1192 3017 cum
1221 2944 1335 3032 veris
1358 2941 1592 3037 genitalibus
1618 2947 1882 3046 interceptum
1911 2945 1957 3019 sit
1980 2967 2175 3019 commer-

469 3075 593 3165 cium,
618 3079 715 3145 tunc
730 3074 866 3166 utique
883 3071 945 3145 his
964 3077 1155 3168 poterunt
1177 3072 1450 3154 annumerari,
1477 3070 1548 3143 nisi
1565 3072 1724 3165 quidem
1742 3074 1937 3171 partium,
1963 3091 2064 3164 quas
2080 3091 2176 3152 con·

469 3199 617 3281 tinent,
646 3197 815 3281 indoles,
843 3220 900 3270 ex
919 3194 1135 3270 earundem
1152 3193 1395 3270 formatione
1410 3205 1528 3290 atque
1546 3198 1777 3271 evolutione
1790 3200 1966 3295 penitius
1982 3195 2178 3281 eruenda,

470 3324 509 3397 id
534 3333 672 3422 aperte
691 3322 917 3421 prohibeat:
944 3343 1067 3415 quare
1088 3341 1197 3395 nunc
1223 3322 1271 3397 ad
1294 3322 1393 3420 ipsas
1414 3317 1532 3397 ha'sce
1554 3344 1802 3418 gemmarum
1830 3321 2061 3400 affectiones
2085 3347 2177 3423 pro

470 3449 712 3541 grediemur.
1962 3452 1966 3462 '

568 3686 793 3765 Formatio'
812 3710 983 3786 gemmae
1017 3684 1233 3763 absolvitur
1256 3683 1452 3763 stmeura
1482 3689 1523 3765 δι
1549 3690 1832 3790 compositione
1856 3694 2045 3791 partium,
2084 3712 2179 3787 quae

471 3817 698 3891 universam
717 3810 806 3912 ejus
832 3817 1010 3892 efficiunt
1028 3835 1280 3911 compagem,
1305 3813 1345 3888 ἃ
1365 3836 1537 3909 quarum
1556 3816 1643 3891 aliae
1660 3816 1880 3895 essentiales
1901 3842 1946 3893 ac
1967 3831 2178 3918 perpetuae

472 3938 582 4024 sunt,
607 3945 666 4016 uti
687 3966 781 4017 caro
805 3952 925 4036 atque
948 3952 1112 4026 cortex;
1146 3937 1233 4013 aliae
1253 3962 1355 4017 vero
1378 3921 1491 4017 mere
1516 3944 1738 4019 accefforiae
1759 3944 1799 4019 δι
1818 3946 2092 4043 temporariae,
2119 3943 2178 4018 uti

472 4061 699 4153 involucra,
724 4069 872 4153 thecae,
902 4068 941 4142 ἃ
959 4070 1033 4143 alia
1049 4087 1298 4164 gemmarum
1322 4066 1563 4144 indumenta.

571 4304 697 4391 Caro,
730 4329 855 4406 quam,
874 4308 1168 4383 consuetudinis
1191 4310 1302 4382 causa
1333 4310 1547 4386 medullam
1574 4315 1613 4386 in
1639 4312 1845 4412 posterum
1873 4310 2176 4411 appellabimus,

472 4432 662 4530 princeps
678 4454 773 4529 pars
792 4455 980 4526 gemmae,
1007 4434 1151 4532 duplici
1173 4437 1395 4527 generatim
1423 4437 1541 4512 modo
1559 4463 1614 4513 ex
1639 4450 1818 4515 materna
1840 4438 2012 4512 medulla
2027 4436 2178 4510 sorma-

473 4567 562 4631 tur:
587 4581 733 4656 nempe
756 4561 824 4635 vel
843 4583 917 4658 per
941 4564 1231 4634 incrementum
1251 4552 1371 4654 hujus
1391 4564 1578 4659 partiale3
1604 4566 1671 4640 vel
1696 4588 1769 4663 per
1787 4565 2045 4663 spontaneum
2071 4558 2181 4657 ejus·

475 4681 566 4755 dem
587 4687 626 4755 in
649 4683 785 4779 partes
807 4687 983 4760 minores
1009 4681 1204 4761 secessum.
1261 4683 1467 4760 Posterior
1488 4687 1552 4761 hic
1579 4691 1708 4774 casus,
1738 4693 1778 4763 in
1806 4692 1886 4765 sola
1903 4689 2181 4787 Propaglnum

476 4807 514 4886 &
532 4806 816 4904 Gongylorum
839 4810 1080 4890 formatione
1099 4786 1233 4886 locum
1251 4808 1388 4896 habet,
1412 4823 1533 4908 atque
1556 4815 1631 4891 hac
1647 4814 1921 4917 simplicissima
1934 4816 1983 4893 fit
2000 4817 2179 4895 ratione,

1784 4949 1789 4962 ‘
2131 4947 2182 5012 ut
