4567 5959
770 543 1152 615 ‚m
1713 525 1845 588 xxvrr

144 750 379 844 genitalium
403 748 666 825 masculorum
700 745 817 823 ducat
847 751 1052 844 originem.
1105 747 1273 824 insertio
1300 767 1443 845 nempe
1470 746 1767 822 filamentorum
1802 748 1844 830 in

146 895 288 948 omnes
307 874 423 949 floris
442 885 593 971 partes,
622 898 674 949 ne
695 874 798 971 stylo
818 874 975 969 quidem
1000 884 1186 972 excepto,
1223 875 1356 946 locum
1375 871 1520 956 habet,
1561 872 1601 945 dr
1623 872 1714 946 satis
1737 873 1843 948 clare

146 999 360 1081 monstrat,
388 1000 496 1093 quod
512 1000 719 1076 staminum
742 1010 874 1086 ortus,
900 1022 982 1075 non
1005 1000 1174 1096 proprio
1195 997 1233 1072 δι
1259 996 1422 1071 definito
1446 997 1597 1072 cuidam
1616 999 1842 1097 plantarum

147 1123 311 1216 visceri,
336 1122 418 1208 sed,
441 1135 488 1199 ut
503 1125 623 1199 solide
638 1125 683 1200 H
691 1144 960 1203 uuwmrus
984 1125 1049 1217 (r.)
1074 1124 1225 1208 docuit,
1251 1120 1342 1222 ipsis
1355 1123 1527 1220 partium
1549 1122 1652 1198 vasis
1665 1124 1845 1199 nutritiis

147 1257 268 1342 atque
288 1246 492 1345 spiralibus
509 1248 715 1336 debeatur,
742 1255 890 1351 quippe
905 1272 997 1345 quae
1017 1253 1145 1349 prima
1160 1249 1237 1325 fint
1253 1249 1486 1343 genitalium
1502 1250 1716 1344 utriusque
1724 1248 1845 1324 sexus

148 1373 356 1468 scaturigo.
423 1372 487 1447 De
510 1373 676 1470 reliquis
694 1378 991 1453 filamentorum
1011 1374 1188 1462 dotibus,
1232 1379 1311 1454 vix
1338 1373 1552 1470 quidquam
1578 1373 1844 1458 monendum,

147 1496 221 1573 nili
244 1497 350 1594 quod
373 1500 587 1573 maximam
614 1512 770 1600 partem
795 1506 900 1578 inter
918 1502 956 1577 sc
975 1501 1226 1600 conspirent:
1267 1503 1320 1576 ita
1339 1504 1496 1576 interna
1517 1524 1658 1577 eorum
1680 1497 1845 1592 fabrica,

147 1623 239 1699 fere
258 1625 305 1712 in
319 1625 503 1700 omnibus
522 1623 659 1701 eadem
679 1626 719 1703 ὃ(
737 1651 791 1706 ex
807 1630 931 1704 meris
949 1626 1054 1704 valis
1074 1636 1194 1721 atque
1212 1628 1323 1701 tenui
1343 1636 1539 1702 contextu
1559 1623 1743 1702 celluloso
1755 1643 1848 1701 cons

148 1749 245 1856 slata
270 1749 348 1834 est:
369 1749 413 1824 2&
429 1747 481 1823 lic
507 1770 668 1845 quoque
689 1755 779 1829 satis
792 1754 1007 1831 uniformis
1025 1752 1083 1830 est
1097 1776 1241 1827 eorum
1255 1750 1520 1837 consistentia,
1544 1773 1691 1849 nempe
1707 1752 1747 1823 in
1764 1749 1850 1847 ple-

149 1881 289 1973 risque
312 1875 446 1950 mollis
461 1875 501 1949 ἃ
518 1873 690 1963 flexilis,
715 1882 755 1953 in
769 1881 1022 1978 paucioribus
1039 1902 1142 1956 vero
1161 1901 1325 1961 cornea,
1350 1882 1544 1961 coriacea,
1566 1887 1638 1951 aut
1653 1876 1851 1970 subsigno·

150 2002 213 2088 [ας
252 2011 387 2077 motus
406 2024 508 2078 vero
529 2002 684 2098 nullus,
713 2004 786 2079 nisr
806 2009 846 2082 in
865 2003 1123 2105 paucissimis,
1149 2027 1240 2100 quae
1255 2004 1331 2079 scil.
1349 2007 1418 2081 vel
1432 2008 1479 2082 ab
1496 2015 1670 2082 externo
1692 1987 1849 2078 stimulo

149 2129 201 2203 ad
220 2137 375 2203 motum
389 2147 676 2221 nonnunquam
690 2132 865 2217 cientur,
902 2139 972 2204 aut
989 2121 1265 2227 quae'propria
1282 2131 1452 2225 quadam
1473 2134 1517 2210 vi
1536 2129 1690 2206 clastica
1709 2128 1849 2230 sponte

153 2258 373 2350 agitantur:
398 2250 621 2351 cujusmodi
641 2258 830 2357 exempla
843 2254 1093 2357 in²0puntiis
1113 2254 1154 2330 dt
1175 2254 1346 2331 Kalmiis
1367 2255 1571 2331 habemus.

253 2468 432 2561 Aethera,
483 2470 671 2568 princeps
690 2491 935 2566 organorum
962 2470 1224 2547 masculorum
1245 2488 1364 2568 pars,
1399 2467 1616 2564 eademque
1642 2468 1681 2540 in
1705 2461 1852 2564 plantis

155 2588 457 2694 perfedtioribus
475 2595 596 2688 longe
614 2594 914 2700 constantissima
931 2595 1012 2673 est:
1035 2595 1223 2702 siquidem
1242 2597 1281 2670 in
1294 2595 1358 2670 his
1378 2615 1580 2690 nunquam
1595 2591 1755 2672 defuisse
1771 2592 1852 2670 visa

152 2720 222 2806 sit,
260 2720 331 2794 nisi
354 2715 394 2794 in
410 2719 580 2800 floribus
602 2741 714 2795 mere
735 2720 938 2807 femineis,
970 2731 1041 2797 aut
1064 2724 1104 2796 in
1124 2721 1317 2799 morbosis
1338 2732 1457 2816 atque
1475 2718 1726 2808 ,monstros1s,
1763 2720 1852 2813 qui-

153 2846 232 2921 bus
253 2845 292 2920 ὃ(
313 2853 482 2921 neutros
501 2847 710 2922 accensere
730 2849 832 2924 licet.
882 2842 1053 2945 Semper
1076 2852 1118 2921 in
1144 2849 1440 2924 filamentorum
1462 2848 1719 2922 extremitate
1739 2844 1854 2944 supe·

154 2971 256 3043 riori
277 2971 452 3056 haerent,
484 2971 549 3056 δι,
586 2973 655 3047 vel
673 2996 815 3048 eorum
838 2975 938 3071 apici
959 2963 1137 3049 insistunt
1153 2969 1316 3056 crestae,
1348 2972 1417 3048 vel
1446 2970 1573 3045 eidem
1594 2969 1856 3048 transversim

155 3096 394 3171 incumbunt
425 3096 651 3181 versatiles,
692 3099 761 3174 vel
789 3097 829 3173 dt
858 3119 1001 3175 eorum
1034 3098 1151 3172 lateri
1180 3099 1340 3173 interno
1371 3095 1590 3191 affiguntur
1622 3096 1855 3172 immobiles.

156 3218 379 3303 Numerus,
409 3227 455 3293 ut
466 3218 682 3318 plurimum
700 3239 788 3292 cum
804 3223 872 3297 illo
887 3222 1184 3298 filamentorum
1200 3225 1397 3317 congruit,
1422 3232 1469 3297 ut
1482 3231 1614 3297 tamen
1629 3221 1670 3297 br
1685 3225 1857 3316 geminae

154 3366 470 3441 nonnunquam,
502 3344 598 3419 &in
626 3342 835 3439 Myristica
856 3348 996 3445 plures
1020 3347 1203 3422 antherae
1224 3350 1263 3421 in
1284 3345 1448 3441 singulis
1467 3347 1680 3422 filamentis
1702 3348 1857 3446 reperi·
1979 3419 1984 3430 ,

157 3479 290 3545 antur.
330 3467 504 3545 Nexum
525 3466 842 3546 &cohaesionem
864 3473 969 3546 inter
991 3473 1029 3547 se
1056 3475 1096 3545 in
1129 3473 1223 3548 solis
1246 3473 1500 3573 Compositis,
1519 3473 1748 3570 paucisque
1768 3471 1857 3545 aliis

155 3594 329 3671 floribus
353 3598 517 3679 habent,
552 3598 591 3668 in
607 3596 751 3688 quibus
766 3596 841 3672 scil.
869 3599 907 3670 in
926 3596 1050 3672 tubuli
1075 3607 1146 3673 aut
1163 3600 1370 3675 coronulae
1388 3601 1554 3699 speciem
1574 3598 1727 3672 coalitae
1749 3596 1858 3680 sunt:

160 3725 202 3795 in
233 3724 398 3817 reliquis
423 3725 609 3798 omnibus
634 3732 766 3795 autem
793 3725 954 3817 penitus
984 3724 1141 3806 liberae,
1177 3726 1244 3801 vel
1267 3725 1396 3799 obiter
1419 3724 1553 3798 saltem
1580 3724 1684 3795 inter
1702 3720 1740 3794 se
1762 3742 1858 3795 con·

157 3850 369 3942 glutinatae
393 3846 757 3943 deprehenduntur.
806 3844 978 3939 Figura,
1012 3872 1101 3921 cum
1118 3849 1292 3934 modico,
1328 3853 1424 3944 quin
1439 3850 1479 3924 δι
1491 3847 1661 3948 parvulo
1682 3844 1858 3941 plerum-

157 3996 242 4068 que
261 3973 492 4054 volumine,
518 3974 578 4046 eis
596 3974 707 4047 varia
728 3970 803 4047 est:
839 3983 886 4045 ut
904 3971 1119 4065 globulosa,
1155 3973 1348 4056 ovoidea,
1374 3974 1551 4069 didyma,
1577 3972 1767 4064 oblonga,
1790 3991 1859 4043 cu-

157 4097 327 4195 spidata3
361 4119 487 4194 porro
504 4096 706 4190 sagittata,
734 4097 993 4182 corniculata,
1020 4099 1210 4197 repanda:
1248 4098 1436 4193 denique,
1464 4099 1678 4193 glanduliS,
1703 4097 1795 4174 setis
1815 4121 1861 4173 ac

159 4222 338 4299 barbulis
359 4220 672 4318 appendiculata,
702 4232 771 4295 aut
787 4221 833 4314 &j
849 4222 942 4308 alia,
968 4221 1187 4318 generatim
1211 4244 1313 4299 vero
1341 4224 1430 4322 post
1453 4222 1724 4322 explolionem
1746 4225 1861 4323 pollis

157 4351 228 4422 nis
250 4372 272 4420 a
297 4346 459 4446 pristina
485 4348 640 4444 semper
663 4347 825 4422 diversa.
888 4345 1071 4435 Fabrica,
1099 4352 1139 4424 in
1161 4348 1392 4425 universum
1414 4350 1584 4448 duplex:
1620 4350 1760 4443 >solida
1793 4357 1863 4424 aut

159 4472 479 4549 loculamentosa.
536 4472 607 4546 Illa
627 4471 742 4550 valde
763 4472 1015 4568 infrequens,
1063 4477 1102 4548 in
1120 4475 1213 4550 solis
1241 4475 1474 4569 quibusdam
1494 4473 1727 4556 Contortis‚
1766 4497 1863 4575 pau·

161 4602 301 4691 cisque
329 4597 540 4673 Orchideis
570 4598 702 4680 locum
725 4596 861 4682 habet,
911 4600 1120 4693 inquibus
1146 4600 1222 4677 scil.
1256 4600 1438 4675 antherae
1469 4607 1630 4699 penitus
1671 4598 1802 4675 solidae
1824 4599 1864 4675 bt

163 4747 221 4797 ex
239 4724 429 4796 uniformi
453 4723 659 4800 substantia
685 4723 921 4810 subcornea,
965 4726 1090 4801 vel&
1111 4726 1271 4800 carnosa
1291 4725 1474 4799 formatae
1498 4725 1861 4823 deprehenduntur.

163 4845 496 4923 Loculamentosa
521 4859 656 4923 autem
687 4847 833 4925 fabrica
871 4852 1050 4926 omnium
1079 4848 1319 4926 usnatiffima
1347 4849 1388 4925 δι
1420 4850 1508 4926 fere
1534 4849 1766 4930 universalis
1792 4852 1864 4935 est,

1001 4974 1074 5050 da
1366 5069 1371 5077 .
1413 5077 1417 5086 ,
1772 4998 1863 5054 nam

212 5127 257 5200 r.)
272 5127 386 5206 sript.
410 5144 522 5204 magar.
546 5140 624 5203 1782.
647 5142 706 5199 ater
729 5128 831 5190 sruck.

253 5217 264 5231 ἰ
