4567 5959
882 517 1197 574 m
1690 493 1879 582 ccxxvn

168 730 211 806 br
231 685 427 830 Jalappis,
454 727 522 803 sua
541 727 704 804 interno
723 722 870 803 nutui
892 724 1155 823 dignitasestc
1181 721 1221 797 δι
1236 725 1277 796 in
1293 721 1430 799 multis
1456 725 1674 817 generibus
1695 738 1870 830 particu-

165 854 339 940 laribus,
364 856 579 952 embryoni
591 865 661 932 aut
676 854 834 932 seminis
846 853 1017 930 fabricae
1038 857 1244 941 internae,
1267 848 1478 926 essentialis
1490 851 1692 931 oberaster
1706 861 1869 965 inscrip-

166 989 239 1057 tus
261 981 335 1068 est,
364 985 473 1057 utin
495 980 718 1068 Nelumbo,
742 980 1042 1084 Menispermo,
1067 975 1305 1074 Caryolobi,
1336 973 1699 1080 Embryopteride,
1730 987 1869 1086 Myri.

8 1103 35 1152 ²²2
165 1105 285 1192 stica,
310 1105 466 1193 Gaura,
491 1109 705 1206 Koenigia,
735 1108 906 1192 Rivina,
931 1105 1050 1191 Tilia,
1081 1101 1327 1201 Plryllantho
1347 1102 1388 1179 br
1414 1106 1502 1181 aliis
1525 1106 1682 1186 multis:
1709 1120 1755 1184 ut
1778 1113 1869 1188 satis

165 1244 375 1332 appareat,
410 1235 518 1331 quod
537 1236 726 1313 tutiffima
748 1237 862 1336 saepe
889 1231 1126 1336 diagnostica
1148 1251 1345 1325 generum
1370 1229 1496 1326 figna,
1533 1237 1574 1310 in
1603 1237 1743 1311 intimo
1763 1235 1870 1311 fruc·

7 1343 30 1410 ἵ
164 1366 282 1435 tuum
297 1360 448 1436 recessu
459 1360 586 1439 locata
603 1363 704 1458 fint,
729 1361 890 1458 &quod
908 1361 979 1437 vel
995 1361 1084 1435 ideo
1106 1380 1270 1455 quoque
1295 1380 1353 1435 ex
1374 1361 1553 1436 tenebris
1578 1361 1664 1438 istis.
1684 1385 1866 1437 merean-

12 1489 26 1535 ἱ
161 1492 234 1558 tur
258 1491 365 1572 erui,
393 1491 486 1584 quia
518 1490 609 1590 post
632 1491 758 1589 ipsum
785 1488 902 1565 floris
924 1485 1122 1587 delapsum
1155 1485 1204 1563 ad
1228 1493 1379 1562 certam
1410 1487 1571 1586 planae
1598 1491 1869 1585 cognitionem

6 1617 29 1666 ῑῑ
160 1608 311 1688 ducere
343 1613 515 1715 possunt

257 1821 340 1907 Sed
362 1833 403 1905 in
427 1831 582 1911 delectu
603 1834 769 1913 istorum
788 1836 994 1935 signorum
1016 1835 1155 1930 utique
1178 1830 1321 1908 modus
1349 1834 1555 1913 habendus
1580 1838 1654 1923 est,
1691 1860 1743 1914 ne
1772 1841 1869 1914 acci-

159 1950 385 2034 dentalibus
406 1965 664 2039 autminoris
692 1968 889 2070 momenti
903 1961 1152 2039 'differentiis
1175 1956 1282 2056 justo
1309 1957 1438 2058 majus
1464 1966 1664 2040 tribuatur
1689 1966 1868 2064 pondus,

10 2115 12 2118 ·
157 2099 236 2155 nec
250 2105 403 2178 genera
421 2097 574 2186 praeter
593 2089 861 2167 neceffitatem
892 2089 1218 2187 multiplicentur.
1268 2085 1441 2165 Difficile
1471 2089 1529 2167 est
1557 2092 1647 2166 heic
1676 2090 1869 2167 certas&

156 2207 308 2302 ubique
327 2215 581 2312 applicabiles
596 2218 757 2313 regulas
776 2215 1049 2318 praescribere,
1075 2214 1167 2308 quia
1182 2211 1287 2290 idem
1305 2213 1450 2290 formae
1469 2226 1540 2290 aut
1559 2216 1719 2291 sabricae
1736 2217 1868 2292 discri-

154 2357 274 2420 men,
302 2339 340 2410 in
356 2338 604 2427 aliammilia,
631 2348 782 2439 magni,
808 2344 847 2419 &
862 2346 900 2418 in
918 2363 1152 2437 quacunque
1165 2342 1258 2426 alia,
1271 2338 1419 2415 nullius
1431 2340 1619 2438 ponderis
1631 2339 1707 2416 elle
1717 2341 1866 2440 potest,

154 2466 415 2558 quareetiam
422 2465 626 2563 lignorum
636 2469 798 2546 istorum
813 2472 930 2548 valor
940 2471 1051 2544 asolo
1062 2465 1209 2564 judicio
1225 2465 1397 2567 practico
1405 2469 1563 2565 pendet
1591 2466 1783 2547 Attamen
1798 2491 1867 2564 ge·

153 2593 329 2665 neratim
344 2592 544 2670 affirmare
559 2596 669 2682 licet,
696 2597 803 2692 quod
817 2599 905 2672 aliae
925 2595 1129 2672 fructuum
1141 2563 1279 2696 partes
1291 2604 1360 2670 aut
1377 2594 1709 2678 modificationes,
1734 2597 1863 2689 mino·

151 2738 245 2791 rem
264 2719 333 2793 vel
359 2720 398 2794 δι
422 2723 592 2808 nullam,
619 2723 708 2797 aliae
729 2747 831 2801 vero
862 2717 1074 2819 majorem,
1100 2726 1197 2819 quin
1223 2725 1483 2824 praecipuam,
1517 2723 1558 2793 in
1582 2720 1864 2796 constituendis

153 2846 395 2942 generibus,
440 2857 673 2924 mereantur
702 2852 977 2927 attentionem.
1027 2844 1096 2925 Ad
1130 2853 1290 2950 priores
1331 2848 1571 2923 referimus:
1621 2847 1865 2951 confluentiam

149 2973 386 3072 pericarpii,
420 2977 661 3074 receptaculi
691 2981 915 3052 communis
942 2976 982 3052 δι
1016 2977 1247 3062 albuminis;
1284 2999 1456 3052 numerum
1479 2971 1864 3055 loculamentorum,

149 3097 411 3174 valvularum
443 3100 481 3177 δι
507 3101 725 3190 seminum3
761 3099 1033 3201 magnitudinem
1056 3102 1097 3177 δι
1122 3099 1333 3178 craffitiem
1356 3100 1620 3196 embryonis;
1652 3109 1861 3176 curvaturas

149 3219 194 3295 ὃ(
220 3223 346 3321 plicas
368 3225 545 3303 leviores
571 3229 882 3325 cotyledonum;
926 3229 967 3306 δι
994 3229 1167 3324 denique
1196 3224 1385 3328 absentiam
1406 3237 1478 3302 aut
1497 3224 1748 3325 prasentiam
1771 3225 1860 3328 plu·

147 3349 295 3424 mulae:
324 3353 413 3428 haec
429 3357 534 3429 enim
549 3358 684 3430 omnia
698 3359 738 3430 in
751 3355 919 3434 divertis
932 3359 1054 3432 unius
1077 3357 1241 3452 generis
1261 3354 1466 3455 speciebus
1491 3351 1649 3432 diversa
1669 3351 1746 3434 effe
1769 3349 1859 3449 pos·

147 3471 252 3549 sunt.
301 3477 595 3559 Posterioribus
615 3491 749 3557 autem
769 3485 952 3583 inprimis
980 3482 1252 3557 accensemus:
1305 3527 1308 3530 >
1849 3501 1854 3506 ·

296 3683 413 3768 Situm
432 3695 629 3791 partium,
653 3701 701 3768 ut
720 3695 952 3794 pericarpii,
977 3691 1366 3774 loculamentorum,
1401 3688 1660 3788 receptaculi,
1686 3691 1727 3764 &
1746 3691 1853 3764 radia
1901 3658 1909 3665 ’

351 3818 454 3892 culae
467 3820 724 3915 embryonis:
749 3841 842 3915 quae
865 3822 972 3895 enim
995 3818 1071 3892 situ
1090 3821 1264 3934 partium
1281 3818 1440 3893 istarum
1461 3814 1676 3899 differunt,
1701 3835 1851 3909 genere

348 3965 512 4040 quoque
531 3943 695 4024 differre
723 3945 913 4022 censenda
934 3945 1041 4028 sunt,
1066 3942 1137 4018 etfi
1154 3946 1268 4044 paria
1287 3942 1364 4017 lint
1387 3943 1541 4036 reliqua
1557 3943 1701 4015 omnia.

294 4126 460 4205 Formam
483 4133 724 4233 receptaculi
753 4136 944 4210 seminum
970 4129 1197 4222 definitam,
1229 4135 1297 4200 aut
1328 4123 1597 4200 indefinitam:
1638 4127 1691 4199 ita
1715 4124 1851 4203 differt

347 4254 505 4354 Julsraea
526 4283 550 4333 a
571 4255 799 4355 Ludwigia,
825 4257 1062 4334 Nlelastoma
1081 4256 1129 4330 ab
1154 4252 1351 4340 Osbekia,
1389 4250 1628 4328 Gardeniaa
1654 4250 1848 4328 Muli‘aen·

346 4381 417 4467 da,
448 4382 633 4481 Papaver
659 4387 707 4460 ab
727 4384 976 4482 Argemone.

293 4561 446 4641 Aritium
462 4566 653 4645 &testam
677 4570 892 4645 baccatum:
918 4569 1011 4643 hinc
1023 4568 1179 4644 diversa
1196 4566 1255 4644 est
1265 4561 1407 4642 Coffea
1423 4564 1646 4658 aPavetta,
1671 4561 1851 4663 Nyuan·

348 4691 442 4767 thes
461 4717 485 4768 a
504 4693 672 4782 Parilio,
699 4694 982 4774 Commersona
1000 4719 1023 4769 a
1039 4691 1319 4793 Sparmannia,
1345 4693 1436 4768 Ixia
1458 4716 1481 4766 a
1498 4691 1668 4767 Moraea.

293 4871 463 4954 Albunea
483 4877 751 4960 craffiilimum
773 4891 843 4959 aut
864 4881 1037 4957 nullum:
1063 4879 1158 4955 hinc
1170 4874 1322 4974 Nageja
1341 4855 1562 4954 distinstaa
1581 4874 1754 4991 illyrica.

1040 5122 1066 5173 z
1621 5080 1850 5186 Emiryonem
