4567 5959
791 561 1095 598 -··-·-····
1658 541 1796 617 ⁴carm
1863 563 1873 574 ”

791 595 1096 620 *nd-d

105 766 138 836 in
151 762 303 837 seminis
315 763 522 845 examine,
546 773 709 838 omnem
725 770 906 839 meretur
923 761 1204 843 attentionem,
1226 761 1319 854 quia
1337 762 1443 838 solus
1457 759 1648 860 punitum
1659 765 1792 846 fixum

101 890 259 988 praebet,
286 910 341 961 ex
358 910 438 981 quo
450 888 610 962 seminis
626 888 857 985 superficies
873 898 1044 961 externa
1056 889 1096 959 in
1116 895 1248 961 certas
1258 892 1446 982 regiones
1463 888 1654 977 distribui,
1676 895 1718 970 dt
1730 900 1792 973 in.

101 1027 293 1089 ternarum
313 1016 488 1111 partium
507 1013 605 1089 situs
619 1016 696 1088 rite
711 1007 912 1108 dijudicari
926 1010 1054 1111 possit.

184 1198 363 1273 Externus
378 1200 510 1304 itaque
525 1197 758 1281 umbilicus,
784 1199 851 1292 qui
873 1194 1154 1281 mathomo,
1178 1195 1314 1295 passim
1330 1197 1506 1298 Fenestra,
1532 1199 1571 1275 δι
1586 1196 1791 1294 Lruuno,

103 1320 209 1400 illlum
225 1324 387 1408 dicitur,
412 1326 633 1418 generatim
651 1322 710 1398 est
725 1322 835 1398 testae
861 1325 1021 1399 seminis
1046 1335 1253 1423 apertura,
1278 1348 1351 1421 per
1369 1347 1489 1418 quam
1510 1325 1603 1403 vasa
1625 1328 1791 1400 nutritii

101 1451 141 1524 ad
160 1453 389 1524 interiorem
411 1444 499 1543 ejus
518 1451 730 1526 cavitatem
751 1453 1013 1548 pertingunt,
1049 1449 1088 1524 ἃ
1113 1459 1211 1543 ⁴quae
1242 1472 1317 1547 per
1342 1453 1608 1525 maturitatem
1634 1452 1793 1549 semper

101 1577 318 1672 obturatur,
344 1581 400 1651 ita
418 1587 572 1660 tamen,
596 1584 644 1650 ut
662 1598 778 1669 aquae
802 1575 843 1652 δι
862 1586 986 1652 terrae
1005 1577 1240 1650 humoribus
1266 1577 1390 1650 facilis
1409 1576 1457 1649 ad
1480 1576 1666 1650 nucleum
1690 1598 1786 1651 con·

99 1702 244 1777 cedatur
266 1637 411 1779 aditus.
461 1699 504 1777 A
527 1701 680 1784 forma,
712 1700 802 1775 loco
827 1702 867 1775 δι
893 1703 1074 1800 partibus
1100 1701 1179 1775 suis
1208 1701 1532 1785 accidentalibus,
1569 1704 1794 1795 generatim

98 1828 236 1927 dispesci
256 1826 418 1928 potest
408 1851 448 1901 m
470 1803 776 1924 superficialem,
802 1849 1040 1912 concavum,
1071 1849 1303 1902 convexum
1331 1827 1370 1902 δι
1387 1827 1733 1928 appendiculatum
1761 1826 1787 1902 s

98 1957 261 2051 partibus
276 1950 503 2030 accessoriis
524 1951 721 2052 stipatum.

181 2135 442 2240 Superficialis,
467 2139 648 2212 omnium
673 2131 1034 2230 frequentissimus,
1061 2136 1244 2232 idemque
1264 2136 1565 2237 limplicissimus
1586 2136 1665 2220 est,
1703 2157 1796 2209 cum

96 2266 196 2360 parvi
212 2265 411 2339 duntaxat
437 2263 666 2348 foraminis,
698 2263 806 2361 pori,
832 2271 902 2337 aut
927 2261 1163 2338 cicatriculae
1192 2263 1317 2361 specie
1338 2275 1531 2362 appareat
1547 2263 1591 2337 a<
1607 2261 1793 2336 testaesu-

96 2390 253 2485 perficiei
277 2391 413 2466 obiter
433 2387 566 2463 saltem
587 2389 795 2487 impressus
812 2392 1018 2466 videatur:
1046 2391 1085 2463 in
1104 2386 1374 2488 Campanula,
1400 2386 1596 2471 Primula,
1621 2386 1792 2461 Phaseo-

97 2514 148 2597 lo,
170 2514 332 2610 Digitali
350 2514 389 2589 ἃ
411 2517 635 2588 innumeris
652 2515 754 2590 aliis,
803 2514 850 2589 In
872 2516 1080 2590 nonnullis
1094 2524 1226 2598 autem
1242 2512 1349 2607 quali
1364 2523 1574 2590 truncatus
1587 2521 1657 2586 aut
1672 2513 1790 2587 dera-

97 2637 285 2716 laseminis
302 2639 386 2715 basi
408 2637 560 2715 cintius
579 2638 653 2714 est:
681 2644 752 2714 ut
743 2663 783 2715 m
796 2638 1033 2740 Staphylea
1060 2638 1375 2738 Hippocastano,
1410 2636 1658 2744 Lavendula,
1690 2635 1790 2712 Ale-

97 2767 157 2849 tri;
179 2766 215 2840 dr
237 2770 387 2844 iterum
412 2767 453 2839 in
476 2766 585 2848 aliis,
602 2767 769 2866 maruli
796 2767 972 2868 definitae
1002 2767 1144 2874 sormae
1174 2762 1216 2837 bt
1242 2766 1352 2840 nivei
1382 2764 1620 2863 plerumque
1641 2762 1791 2836 coloris

98 2883 284 2986 insignitus
308 2855 648 2988 deprehenditur
673 2901 720 2966 ut
738 2893 917 2966 cicatrice
942 2889 1166 2986 cordisormi,
1194 2890 1234 2961 in
1253 2887 1388 2965 Areca
1404 2890 1443 2965 ἃ
1462 2887 1788 2987 Cardiospermo;

97 3013 220 3103 lineari,
258 3023 300 3093 in
325 3014 588 3102 Fraxinella3
631 3012 856 3113 belisario,
893 3021 934 3094 in
962 3013 1290 3114 Dracocephalo,
1326 3020 1532 3112 variisque
1565 3012 1650 3091 aliis
1682 3013 1788 3093 Ver·
1891 3011 1895 3016 ’

96 3143 258 3220 titillatis.

176 3310 361 3391 Cumanas
384 3315 612 3407 umbilicus,
644 3312 712 3390 vel
731 3315 914 3413 cupulam
940 3317 1007 3391 seu
1033 3316 1228 3393 fimbriam
1253 3311 1533 3414 repraesentat,
1558 3310 1788 3386 semini‘ex-

94 3441 195 3514 terne
213 3440 403 3516 affixam:
430 3443 469 3514 in
489 3438 706 3534 Philydro,
732 3439 912 3525 Datisca,
938 3440 1227 3540 Philadelpho,
1256 3439 1500 3522 Hellebor03
1536 3438 1605 3513 vel
1626 3439 1666 3510 in
1692 3459 1789 3533 pro-

94 3558 244 3640 fundum
266 3566 451 3641 canalem
472 3564 881 3641 infundibulisormem
896 3566 938 3639 &
951 3569 1069 3666 ipsius
1081 3570 1193 3645 testae
1207 3566 1336 3642 crusta
1353 3569 1462 3638 intus
1476 3561 1683 3643 vestitum,
1712 3583 1789 3634 ex·

93 3687 253 3788 sculptus
272 3690 363 3768 est:
389 3699 437 3766 ut
451 3694 490 3765 in
508 3689 741 3787 Zingibere‚
765 3691 924 3778 Canna,
949 3692 1129 3792 Alpinia,
1155 3692 1294 3786 Musa,
1319 3690 1595 3787 &praesertim
1613 3685 1788 3760 inCom·

93 3815 238 3901 melina,
263 3820 307 3890 in
331 3839 411 3911 qua
427 3815 465 3892 id
484 3817 650 3916 prorsus
670 3816 866 3911 fingulare
887 3817 959 3899 est,
986 3820 1091 3914 quod
1112 3829 1224 3894 totus
1244 3817 1415 3911 embryo
1436 3816 1543 3890 intra
1560 3813 1671 3889 illum
1693 3833 1787 3886 cru·

92 3936 248 4017 staceum
269 3942 448 4018 umbilici
469 3944 645 4018 canalem
658 3942 820 4019 haereat.
872 3941 1044 4018 Minime
1059 3953 1194 4019 autem
1215 3944 1315 4027 huc,
1338 3939 1553 4038 ampliores
1576 3938 1653 4014 illae
1671 3959 1789 4039 aper·

94 4069 185 4139 turae
210 4068 409 4143 seminum
436 4067 716 4168 Menispermi,
748 4067 906 4152 Limei,
944 4067 1129 4144 Pavettae
1159 4070 1200 4144 δι
1225 4069 1486 4167 plurimarum
1511 4061 1788 4150 Stellatarum‘,

92 4190 284 4267 trahendae
301 4193 412 4278 sunta
438 4198 624 4289 quamvis
647 4197 753 4271 enim
771 4195 858 4268 haec
874 4194 1021 4279 semina
1042 4218 1066 4267 a
1090 4194 1297 4268 nonnullis
1321 4189 1450 4267 stridte
1472 4190 1655 4266 dicantur
1677 4188 1789 4268 anibi-

93 4307 206 4401 licata,
229 4317 431 4393 foramina
448 4327 581 4395 tamen
601 4319 671 4396 ista
692 4341 776 4394 non
788 4320 879 4394 sunt
889 4322 978 4394 veri
999 4321 1194 4403 umbilici,
1220 4321 1313 4413 quia
1336 4342 1417 4392 non
1439 4321 1481 4392 in
1499 4322 1712 4397 cavitatem
1729 4329 1790 4393 te-

92 4434 151 4511 stae
179 4444 407 4538 internam,
444 4444 509 4519 sed
531 4449 570 4520 in
591 4446 786 4520 fornicem
806 4446 940 4532 saltem
963 4445 1121 4520 seminis
1142 4443 1278 4519 bullati
1297 4453 1367 4519 aut
1401 4446 1598 4520 meniscati
1626 4444 1787 4518 ducunt.

91 4558 166 4636 Et
157 4579 208 4640 ita
221 4590 409 4663 quoque,
433 4574 600 4669 proprie
615 4572 836 4665 loquendo,
861 4579 1064 4668 aperturae
1089 4570 1358 4646 nucuiarum
1348 4593 1387 4643 m
1405 4570 1638 4665 quibusdam
1661 4566 1788 4665 Aspe-

92 4687 241 4778 risoliis,
266 4688 391 4788 hujus
411 4695 488 4770 loci
506 4720 589 4771 non
602 4698 709 4780 sunt
735 4718 828 4790 quia
842 4717 926 4770 non
947 4693 1060 4770 testae
1073 4696 1251 4780 seminis
1266 4692 1399 4770 ·'sed
1364 4719 1452 4792 eus
1463 4717 1686 4795 pericarpro
1700 4693 1791 4770 sunt

93 4806 306 4914 inscriptae3
332 4826 540 4898 attamen
529 4845 567 4897 m
595 4823 679 4908 his,
704 4830 899 4920 poterunt
921 4843 999 4919 pro
1023 4822 1219 4897 umbilicis
1247 4820 1403 4904 haberi,
1442 4844 1565 4916 quum
1586 4819 1788 4893 funiculos

93 4943 286 5023 manifeste
299 4950 594 5036 transmittant,
619 4947 722 5025 &ab
739 4949 955 5028 omnibus
943 4969 986 5022 m
1001 4948 1280 5026 umbilicorum
1299 4968 1514 5026 numerum
1530 4954 1781 5045 ponantur.

897 5123 927 5200 p
1612 5093 1797 5174 convexus
