4567 5959
840 503 1144 560 m
1738 481 1857 560 cux'

121 705 426 804 longitudinem
441 703 601 801 quidem
620 702 689 781 vel
703 702 743 779 ὃ(
760 703 1008 781 latitudinem
1028 704 1214 783 caritatis
1234 701 1346 781 testae
1363 709 1551 805 proxime
1564 667 1843 809 'assequuntun

125 838 202 915 sed
221 836 351 917 istam,
380 833 432 907 ob
453 832 666 907 albuminis
688 832 959 929 praesentiam,
985 853 1069 906 non
1087 840 1214 906 totam
1237 833 1397 930 replere
1419 833 1604 932 possunt,
1627 843 1730 915 utin
1745 840 1844 915 Bar·

126 962 358 1057 ringtonia,
383 955 603 1053 Hugonia,
628 954 871 1043 Ceratonia,
904 951 1133 1057 Spathelia,
1174 955 1375 1033 Tricoccis
1410 958 1450 1033 ὅ(
1484 962 1708 1042 innumeris
1742 968 1843 1044 aliis.
1937 977 1941 991 '
1979 1026 1983 1034 ,

127 1092 270 1169 Parve
288 1085 363 1160 dici
384 1082 560 1183 possunt,
587 1106 680 1178 quae
703 1106 779 1159 nec
797 1082 994 1158 dimidiam
1013 1084 1172 1160 seminis
1198 1084 1487 1178 longitudinem
1511 1091 1731 1185 attingunt,
1766 1116 1842 1171 nec

127 1223 278 1312 quarta
299 1220 433 1285 tamen
455 1198 544 1305 ejus
558 1220 673 1307 parte
692 1210 901 1286 breviores
919 1210 1027 1293 sunt,
1052 1217 1099 1281 ut
1115 1211 1157 1282 in
1176 1207 1473 1297 Umbeiliseris,
1498 1206 1735 1293 Stellatis&
1752 1220 1841 1296 aliis

126 1342 285 1419 multis.
335 1337 488 1412 Minuta
508 1335 693 1430 deniquae
717 1336 933 1421 habentur,
958 1358 1050 1431 quae
1070 1331 1175 1407 infra
1195 1335 1317 1409 modo
1346 1334 1470 1413 distes
1493 1344 1691 1418 terminos
1715 1344 1841 1420 consr-

126 1465 301 1546 stunt&
315 1484 604 1557 nonnunquam
624 1464 698 1539 vix
716 1465 879 1539 armatis
899 1463 1024 1540 riculis
1037 1460 1202 1535 discerni
1221 1461 1398 1560 possunt,
1422 1467 1528 1541 utin
1544 1465 1684 1555 Erice,
1708 1469 1839 1568 Aqui.

126 1597 259 1692 legia,
283 1588 456 1682 Uvaria‚
481 1585 625 1671 lllicio,
649 1585 885 1685 Aquisolio,
899 1586 1167 1664 Renunculis
1183 1586 1262 1662 &c
1774 1579 1776 1584 ’

230 1802 350 1880 δὶως
362 1798 865 1896 absolutuscotyl'edonum
880 1800 1036 1900 semper
1054 1803 1095 1876 in
1113 1803 1302 1900 suprema¹
1323 1802 1516 1880 radiculae
1534 1779 1650 1903 parte
1672 1807 1839 1884 colloca·

126 1947 201 2012 tus
217 1930 296 2008 eise
315 1928 516 2010 censetur,
539 1923 690 2000 etiamsi
710 1924 798 2000 haec
823 1928 1003 2013 inversa,
1031 1936 1102 2004 sut
1119 1929 1203 2005 istae
1220 1929 1389 2004 adlatus
1413 1924 1534 2025 hujus
1554 1930 1744 2020 deflexae,
1769 1933 1840 2012 vel

125 2064 240 2136 circa
260 2080 348 2132 eam
370 2052 602 2129 convolutae
625 2049 710 2124 fint.
761 2050 976 2128 Relativus
1009 2077 1112 2130 vero
1130 2054 1228 2129 fitus
1254 2056 1413 2153 respicit
1435 2054 1687 2154 positionem,
1719 2083 1838 2155 quam

121 2183 199 2263 vel
221 2187 331 2259 inter
352 2178 509 2278 sessipsae
535 2186 698 2261 tenent,
723 2175 791 2256 vel
814 2200 932 2273 quam
955 2176 1133 2277 respectu
1161 2189 1427 2268 externarum
1447 2182 1606 2255 seminis
1627 2185 1839 2277 regionum

118 2311 289 2387 hebent
338 2307 385 2380 In
401 2306 529 2404 priori
545 2305 677 2399 itaque
697 2304 784 2378 casu
799 2303 1074 2401 Cotyledones
1088 2304 1275 2381 dicuntur
1489 2404 1493 2413 Ι

279 2460 468 2555 contigue,
494 2475 664 2551 quarum
684 2458 1055 2554 paginreinternae,
1079 2460 1120 2532 in
1147 2457 1317 2552 singulisw
1336 2459 1416 2533 suis
1441 2456 1608 2557 punstisv
1628 2431 1839 2537 sesmutuo

333 2586 591 2678 contingunt,
614 2595 663 2657 ut
684 2585 727 2657 in
749 2579 993 2682 Compositis
1008 2582 1048 2659 u
1065 2583 1186 2679 longe
1206 2587 1385 2664 maximo
1410 2590 1661 2679 cognitarum
1690 2587 1837 2687 planta·

327 2735 421 2787 rum
442 2730 613 2785 numero
626 2735 648 2796 3*

278 2868 457 2972 oppofitoe,
484 2886 655 2959 quarum
675 2851 834 2959 quidem
849 2868 1006 2964 paginae
1029 2866 1200 2944 internae
1223 2867 1262 2943 se
1282 2874 1424 2942 mutuo
1446 2865 1674 2965 respiciunt,
1697 2866 1760 2943 sed
1785 2867 1837 2942 ob

329 2990 505 3067 inflexos
528 2992 750 3083 margines,
775 2990 833 3076 se,
860 2992 926 3068 vel
946 2991 1063 3090 plane
1084 3016 1187 3078 non,
1215 2996 1284 3072 vel
1309 3016 1389 3069 non
1411 2994 1450 3064 in
1472 2993 1659 3068 omnibus
1678 2990 1841 3091 punltis

331 3121 568 3212 contingere
591 3114 776 3216 possunt,
793 3124 840 3190 ut
863 3118 903 3190 in
918 3115 1134 3214 slubletia,
1148 3120 1325 3206 Rivina,
1342 3117 1495 3206 Gaura,
1519 3117 1731 3206 Coldenia,
1755 3117 1838 3194 Ge-

328 3246 444 3320 ranio
454 3247 608 3351 pratenfi
616 3269 638 3330 ς’

272 3394 510 3484 collaterales,
536 3419 626 3472 cum
641 3397 766 3474 altera
781 3395 1130 3473 ad'alteriussatus
1151 3399 1191 3471 in
1214 3398 1354 3473 eodem
1370 3400 1492 3498 plano
1514 3398 1692 3477 verticali
1711 3397 1840 3499 posita

330 3524 407 3608 est,
433 3535 481 3599 ut
494 3524 572 3599 suis
588 3533 746 3599 tantum
762 3525 1008 3619 marginibus
1025 3525 1203 3599 internis
1211 3524 1249 3598 se
1272 3535 1413 3600 mutuo
1435 3526 1756 3620 contingerevel
1769 3548 1838 3600 re·

326 3649 477 3748 spicere
498 3659 676 3744 queant,
693 3654 802 3726 utin
821 3649 1077 3745 Viscoatque
1092 3648 1367 3749 Menispermo
1383 3649 1528 3727 &occulo
1540 3677 1560 3736 ;1

275 3800 514 3898 divergcnler,
540 3826 632 3898 quae
649 3802 726 3878 basr
742 3803 808 3878 sua
824 3796 992 3897 junllae,
1017 3805 1248 3901 apicevero
1269 3805 1308 3876 in
1334 3805 1556 3877 contrarias
1577 3801 1718 3899 plagas*
1735 3820 1837 3879 ver·-

334 3940 455 4022 gunt,
478 3939 527 4003 ut
550 3930 590 4002 in
610 3925 884 4027 Menispermo
894 3926 1086 4030 fenestram
1106 3935 1225 4021 atque
1248 3926 1483 4022 Myristica;

272 4080 510 4167 verticillatoe,
536 4102 627 4177 quae
656 4084 759 4154 circa
779 4075 971 4177 punstum
1005 4100 1217 4152 commune
1247 4083 1287 4151 in
1313 4081 1451 4154 orbem
1484 4075 1754 4177 poiitaesunt,
1786 4086 1843 4152 ut·

320 4209 508 4283 tamense
536 4219 676 4284 mutuo
701 4210 953 4326 contingant:
982 4208 1021 4278 in
1042 4203 1145 4279 Pino
1170 4215 1290 4299 atque
1316 4205 1589 4303 Rhizophora.

214 4377 268 4450 fn
285 4377 413 4452 altero
435 4377 539 4461 casu,
567 4399 647 4472 quo
666 4375 764 4451 fitns
780 4399 836 4450 ex
852 4349 1086 4469 regionibus
1099 4357 1259 4448 seminis
1273 4376 1458 4448 externis
1475 4369 1733 4468 dijudicatur,
1761 4372 1838 4448 ha-

100 4515 273 4591 bentur
295 4502 569 4600 cotyledones·

274 4651 516 4740 inscribentes,
543 4659 782 4733 eumaltera·
796 4655 973 4741 dorsum,
998 4651 1038 4730 dr
1057 4648 1180 4733 altera
1198 4662 1386 4734 ventrem
1409 4656 1567 4731 seminis
1583 4655 1760 4753 respicit,
1785 4661 1840 4727 ut

328 4785 491 4879 planum
507 4780 856 4860 mutuicontadlus
879 4806 970 4856 cum
992 4786 1060 4856 axi
1085 4779 1241 4859 frustus
1261 4784 1288 4855 Ι.
1317 4782 1487 4856 seminis·
1500 4780 1742 4878 parallelum·
1762 4778 1836 4851 srt:

330 4913 370 4983 in
399 4911 664 5007 Hyoscyamo
679 4965 694 4996 ,
714 4910 944 4994 Cucubalo,
960 4909 1229 4993 Hermannia,
1254 4905 1416 4990 Coffea,
1441 4905 1682 4988 Mal-vaceis3

1581 5065 1830 5157 accumbentes,
