4567 5959
496 532 639 587 Lxxv1
1195 542 1500 605 a

496 740 720 845 Sparganio
734 732 753 829 ,’
775 741 1074 845 Cephalantho',
1095 747 1284 841 Platano,
1307 750 1478 839 Protea,
1508 748 1683 835 Brunia,
1715 745 1903 827 Banknn
1924 747 1965 825 bt
1988 745 2180 849 Compoii-
2230 806 2234 813 ,

495 875 550 949 tis
567 876 700 949 variis

593 1056 787 1156 Segregati
805 1070 938 1135 autem
959 1060 1142 1149 frustus,
1168 1066 1208 1139 in
1228 1086 1351 1140 unam
1377 1062 1537 1156 quidem
1564 1082 1797 1160 compagem
1821 1063 1975 1137 collecti
1997 1062 2104 1148 sunt,
2131 1066 2181 1137 uti

496 1186 789 1289 praecedentes,
815 1187 894 1272 sed,
923 1190 992 1264 vel
1013 1190 1310 1288 receptaculum
1323 1213 1554 1273 commune,
1581 1192 1621 1262 in
1642 1191 1755 1263 varia
1778 1190 2027 1287 receptacula
2048 1194 2179 1288 partia-

496 1315 550 1389 lia
565 1313 787 1388 distinctum
812 1313 890 1407 est,
913 1316 980 1391 vel
1000 1315 1160 1392 fructus
1180 1315 1249 1416 ipli
1271 1340 1294 1391 a
1306 1315 1537 1414 partialibus
1552 1326 1622 1389 aut
1641 1316 1818 1414 propriis
1840 1316 2091 1391 involucellis
2111 1342 2131 1390 a
2151 1318 2181 1391 le

498 1443 672 1517 invicem
700 1439 973 1535 segregantur.
1021 1441 1082 1515 Ita
1111 1442 1283 1538 squamae
1311 1444 1482 1526 amenti,
1520 1451 1707 1535 tanquam
1734 1441 1914 1538 partialia
1948 1445 2181 1542 receptacula

442 1560 446 1565 ’
497 1591 542 1642 ac
558 1564 787 1659 involucra,
813 1563 1024 1664 sejungunt
1041 1569 1209 1644 nuculas
1224 1567 1337 1655 Pini,
1362 1567 1549 1668 carpini,
1575 1566 1779 1667 cupressi,
1808 1564 1975 1663 Thujae;
2001 1572 2057 1644 ita
2072 1571 2181 1646 tbecae

497 1696 687 1769 coriaoeae
719 1693 743 1765 l.
773 1696 995 1792 paleaceae,
1039 1706 1229 1790 tanquam
1267 1696 1476 1770 involucra
1506 1698 1695 1795 propria,
1733 1694 2020 1792 dispartiuntur
2053 1697 2183 1772 semina

497 1817 677 1919 Scolymi
693 1818 731 1895 ὅ(
743 1822 1047 1923 Dipsaccarum3
1064 1820 1489 1917 itacelltdaesungosae,
1506 1822 1758 1920 receptaculo
1773 1826 1977 1895 communi
1983 1823 2182 1921 insculptae,

497 1946 764 2020 discriminant
787 1945 963 2044 capsulas
985 1947 1304 2044 Liquidambaris
1329 1950 1369 2024 δι
1394 1953 1540 2025 semina
1559 1947 1797 2033 Gundeliae3
1830 1947 1870 2021 δι
1894 1950 1946 2021 ita
1973 1948 2093 2025 instar
2115 1973 2182 2022 om·

496 2076 627 2158 nium,
653 2077 1038 2160 concamerationes,
1063 2101 1117 2151 ex
1131 2076 1324 2171 calyce&
1345 2078 1597 2177 receptaculo
1621 2077 1824 2151 communi
1840 2074 2043 2159 formatae,
2069 2075 2181 2168 segre·

498 2210 589 2294 gata
608 2199 833 2275 custodiunt
854 2199 1128 2298 Operculariae
1156 2204 1327 2277 semina:
1354 2213 1399 2276 ut
1418 2203 1467 2278 de
1491 2204 1746 2280 involucellis
1778 2204 2009 2301 partialibus
2037 2204 2080 2275 in
2096 2198 2181 2299 ¹Ele·

497 2328 724 2426 phantopo,
750 2323 1042 2426 Sphaerantho,
1066 2328 1255 2417 Oederia,
1279 2329 1463 2425 Filagine
1493 2329 1567 2405 &c
1598 2351 1707 2404 nunc
1727 2328 1918 2405 sileamus
1996 2414 1999 2419 ⁴

594 2537 792 2637 Proprius
807 2536 988 2634 ‘denique
1010 2541 1215 2615 fructuum
1240 2540 1339 2615 litus
1364 2541 1517 2639 triplex
1536 2540 1616 2616 est:
1641 2539 1806 2641 superus,
1832 2541 1990 2638 quando
2013 2541 2182 2616 o'varium

499 2667 602 2739 intra
617 2664 760 2739 florem
774 2664 936 2751 renden
961 2664 1201 2752 intermedius,
1226 2667 1439 2740 cumidem
1464 2669 1569 2740 inter
1592 2667 1695 2743 duos
1716 2669 1894 2765 calyces,
1926 2678 1999 2742 aut
2016 2671 2121 2743 inter
2134 2690 2181 2738 co·

501 2789 643 2865 rollam
665 2802 785 2887 atque
802 2790 980 2887 calycem
1013 2791 1227 2892 fimplicem
1254 2794 1403 2879 haerct3
1428 2802 1548 2887 atque
1575 2793 1728 2892 inferus,
1760 2817 1850 2871 cunr
1869 2794 1949 2871 flos
1973 2797 2112 2872 ovario
2138 2794 2182 2863 in·

499 2918 681 2993 nascitur.
816 2938 818 2941 ·

598 3121 733 3222 Superi
745 3122 925 3209 srutlus,
950 3128 1127 3200 omnium
1146 3127 1237 3202 sunt
1259 3127 1580 3224 frequentissimi,
1604 3127 1643 3203 ὅ(
1664 3128 1728 3202 hic
1752 3126 1873 3222 litus,
1899 3126 2078 3202 omnium
2100 3142 2183 3216 quo·

501 3272 580 3346 qne
601 3249 999 3338 estnaturalilsrmus,
1026 3252 1076 3326 ob
1090 3256 1275 3339 tutelam,
1301 3278 1418 3350 quam
1440 3260 1577 3333 ovaria
1598 3259 1824 3340 immatura,
1852 3253 2070 3354 apartibus
2086 3247 2182 3323 floris

498 3376 567 3450 libi
578 3376 891 3476 circumpositis,
917 3402 970 3453 ex
996 3378 1067 3455 isto
1085 3378 1160 3454 litu
1188 3381 1487 3469 nanciscuntur,
1512 3383 1551 3457 ὅ(
1577 3383 1670 3456 hinc
1698 3405 1859 3479 quoqne
1886 3381 2023 3455 multis
2045 3374 2183 3453 familiis

444 3556 450 3567 ·
499 3504 763 3587 naturalibus,
788 3513 835 3578 ut
860 3501 1145 3589 Graminibus,
1175 3504 1456 3593 Verticillatis,
1481 3507 1754 3605 Asperi'soliis,
1790 3506 2057 3602 Lychnideis,
2086 3499 2183 3579 Sola·

499 3632 657 3713 nareis,
685 3626 943 3714 Malvaceis,.·
959 3627 1185 3726 Siliquolis,
1223 3630 1519 3728 Leguminofis,
1557 3636 1706 3728 absque
1729 3634 1968 3732 exceptione
1993 3630 2183 3707 omnibus,

499 3780 572 3835 nec
591 3781 676 3832 non.
693 3758 847 3848 ingenti
864 3754 1033 3831 aliorum
1047 3779 1242 3851 generum
1267 3781 1437 3835 numero
1459 3764 1650 3859 proprius
1674 3761 1741 3836 est.
1789 3760 2046 3853 Dignoscitnr
2065 3781 2087 3830 a
2106 3752 2183 3827 reli·

499 3888 606 3980 quis,
635 3883 743 3979 qnod
764 3885 972 3967 ovarium,
998 3883 1066 3957 uel
1086 3882 1288 3959 manifeste
1310 3883 1378 3959 ilbi
1401 3878 1611 3981 subjectum
1629 3887 1770 3964 habeat
1784 3888 1958 3983 calycem
1980 3896 2053 3959 aut
2071 3877 2183 3956 corol-

500 4012 576 4086 lam
587 4065 604 4097 ,.
621 4011 693 4088 vel·
710 4010 816 4103 quod
840 4012 879 4083 in
895 4009 1064 4084 floribus
1077 4011 1195 4108 plane
1210 4011 1346 4096 nudis,
1370 4014 1480 4086 nulla
1504 4037 1559 4087 ex
1577 4014 1763 4111 partibus.
1776 4010 2089 4088 frustificationi‘s
2104 4026 2183 4081 ova·

500 4141 562 4212 rio
580 4134 878 4235 superimposita
896 4134 968 4220 fit,
991 4147 1144 4234 praeter
1161 4138 1285 4214 solum
1305 4140 1453 4235 stylum
1476 4150 1547 4213 aut
1564 4141 1724 4235 stigma;
1746 4138 1883 4234 quodsi
1904 4140 2009 4212 enim
2024 4136 2103 4208 ulla
2125 4132 2184 4205 alia

499 4284 601 4364 pars.
624 4265 750 4337 eidem
780 4262 1030 4348 innascatur,
1061 4274 1108 4338 ut
1126 4264 1277 4339 stamen
1298 4269 1337 4341 in
1362 4265 1607 4363 Hippuride,
1634 4266 1702 4339 vel
1728 4276 1775 4339 ut
1796 4265 1861 4338 illa
1886 4264 1972 4338 fere
1999 4258 2184 4339 invisibilis

499 4394 646 4485 vagina
671 4388 761 4484 styli
785 4391 822 4461 in
845 4385 1076 4474 Absintbio,
1111 4387 1403 4490 Sphaera'ntho,
1434 4389 1601 4466 Ethulia
1629 4392 1699 4468 &c
1725 4401 1822 4467 tunc
1840 4385 2035 4486 ejusmodi
2063 4385 2184 4466 ovaria

501 4519 610 4593 omni
624 4510 717 4611 Jure
731 4514 781 4588 ad
798 4510 952 4589 fruitus
969 4515 1123 4593 inferos
1144 4519 1395 4596 reseruntur,

598 4726 804 4809 Mummii
824 4725 998 4813 nunus,
1032 4730 1103 4805 nili
1123 4735 1283 4827 quidem
1312 4734 1407 4808 illos
1427 4729 1924 4830 florumComposrtorum·
1943 4735 2021 4808 buc
2040 4729 2183 4807 trahere

498 4859 627 4944 velis,
647 4858 746 4931 adeo
775 4854 944 4930 inusitati
973 4855 1078 4940 sunt,
1104 4869 1151 4932 nt
1177 4869 1296 4933 tanto
1313 4863 1453 4934 minus
1472 4859 1630 4932 seorsim
1648 4858 1750 4932 tradi
1776 4871 2026 4943 mereantur,
2052 4862 2183 4951 quanto

499 4988 633 5086 aptius
648 4983 700 5060 ad
719 4979 882 5059 nunus
891 4981 1205 5061 inserosrefcrri·
1212 4996 1383 5081 queunt.
1426 4980 1531 5061 Nam
1552 4987 1590 5057 in
1607 4984 1792 5060 omnibus
1809 4988 1937 5081 aliqua
1957 4986 2073 5060 floris
2086 4996 2181 5081 pam,

2056 5125 2182 5185 ovano
