4567 5959
499 502 704 565 ebxxvm
1188 496 1500 559 a&

649 706 879 810 Embryonem
894 697 1048 779 redium
1062 706 1134 778 aut
1152 700 1358 798 insiguiter
1374 714 1608 786 curvatum:
1633 706 1728 787 hino
1749 705 1940 788 Nem-ada
1959 692 2161 797 nossem·

703 839 841 936 genia,
866 829 1083 907 Perficaria
1096 850 1183 907 non
1196 827 1481 927 Polygonum,
1505 829 1668 931 Oxyria
1692 858 1777 915 non
1797 838 1975 916 Rumex

647 988 874 1094 cotyledone
910 983 1041 1059 forma
1072 982 1277 1078 insigniter
1310 984 1610 1086 distrepantes:
1659 991 1753 1069 hinc
1783 1014 1870 1068 non
1907 1016 1997 1069 cum
2029 993 2164 1073 Ausu-

539 1110 543 1113 ’
704 1142 833 1199 sono
860 1112 1076 1189 referimus
1099 1109 1310 1212 Lupuium
1332 1113 1381 1189 ad
1409 1112 1648 1206 Cannabim,
1679 1142 1756 1199 nec
1780 1119 2014 1199 Pauiliniam
2031 1121 2074 1196 ad
2090 1121 2163 1198 Car.

597 1314 600 1319 .
703 1248 982 1349 diospermum.

596 1375 875 1466 Undecunque
900 1390 1003 1445 vero
1023 1365 1109 1442 haec
1131 1364 1240 1463 signa
1261 1368 1536 1458 desumuntur,
1561 1371 1718 1473 stmper
1745 1396 1836 1450 eum
1864 1375 1954 1449 asiis
1974 1375 2013 1449 dc
2035 1374 2163 1473 preser-

500 1514 573 1588 tim
587 1509 703 1584 floris
717 1500 899 1601 partibus
916 1492 1181 1595 comparanda
1205 1503 1327 1590 atque
1354 1499 1406 1572 iis
1424 1484 1672 1594 adjungenda
1690 1502 1809 1588 sunt,
1831 1484 1990 1598 qusndo
2011 1500 2054 1576 de
2071 1502 2164 1574 totius

500 1640 651 1739 plantae
670 1626 896 1707 charastere
912 1623 1081 1697 naturali
1094 1621 1226 1696 sermo
1240 1621 1319 1709 est;
1345 1623 1408 1701 sed
1424 1625 1584 1720 quando
1607 1624 1656 1699 de
1681 1624 1764 1701 solo
1783 1627 1917 1703 frustu
1941 1631 2066 1723 agitur
2076 1636 2164 1718 atqu

502 1767 567 1841 bic
586 1774 774 1857 tanquam
792 1771 939 1853 corpus
963 1749 1196 1843 organicum
1217 1771 1293 1848 per
1314 1749 1352 1824 se
1371 1750 1579 1828 subsistens
1600 1751 1895 1845 consideratum
1929 1764 2021 1829 tunc
2039 1755 2164 1827 omnino

503 1915 559 1968 ex
585 1890 665 1965 sola
684 1880 772 1982 ejus
802 1880 948 1957 sabrica
971 1878 1156 1977 propria,
1180 1873 1289 1969 signa
1317 1876 1572 1962 desumenda,
1601 1880 1708 1954 inter
1734 1881 1773 1956 se
1802 1879 2058 1981 comparanda
2077 1879 2108 1953 dc
2127 1898 2164 1953 ex

502 2012 767 2092 consimilibus
783 2006 1001 2111 speciebus,
1028 2022 1179 2096 genera
1188 1998 1396 2078 formanda
1413 2006 1523 2080 mot:
1549 2005 1636 2080 haec
1651 2002 1879 2105 carposogico
1894 2030 2020 2104 genera
2033 1999 2164 2100 dicipos·

503 2145 611 2229 sunt,
636 2150 692 2226 et,
718 2136 828 2213 ficuti
840 2126 1084 2225 authalopus,
1110 2126 1376 2204 soliscil.ssori
1392 2126 1679 2231 superstruere,
1715 2154 1792 2231 pro
1808 2158 1923 2210 mere
1943 2129 2165 2209 artificialibus

502 2272 637 2347 haberi
662 2265 824 2351 debent,
849 2260 1035 2357 quamvis
1046 2256 1153 2352 saepe
1167 2276 1258 2331 cum
1274 2258 1526 2334 naturalibus
1547 2266 1783 2353 congruant
1854 2230 1856 2235 ⁵
1980 2248 1984 2255 ’

600 2416 862 2499 Coordinatio
880 2410 1043 2487 istorum
1067 2431 1285 2505 generum,
1308 2408 1582 2512 determinatis
1607 2410 1811 2491 fruticum
1840 2416 2019 2517 partibus
2044 2402 2165 2485 nixa&

501 2548 715 2627 secundum
748 2551 881 2617 certas
908 2537 1024 2632 leges
1058 2534 1225 2631 digesta,
1262 2546 1434 2612 vocatur
1459 2534 1650 2615 Maturus
1677 2540 1910 2639 plantarum
1937 2566 1960 2616 a
1983 2529 2166 2618 frustm&
2239 2538 2240 2611 i

497 2676 698 2779 figillaum
718 2671 854 2752 mixis,
880 2660 1040 2738 fifimul
1059 2660 1220 2737 fabricae
1232 2661 1350 2739 sioris
1373 2662 1577 2766 respettus
1593 2667 1783 2757 habetur3
1803 2694 1903 2771 pera
1915 2680 2054 2749 autem,
2075 2677 2166 2756 quan·
2239 2632 2240 2637 Ν

501 2803 553 2878 do
581 2797 779 2876 universae
794 2788 1059 2894 dispositionis
1074 2790 1270 2890 principia
1292 2811 1314 2867 e
1331 2790 1416 2865 solo
1433 2789 1567 2866 fructu
1587 2802 1761 2871 manant
1811 2793 1970 2872 Prioris
1985 2791 2166 2870 censusme

503 2925 635 3011 thodi,
667 2924 796 3018 magis
816 2917 866 2995 ad
893 2914 1066 3016 ipsarum
1087 2915 1342 3015 plantarum,
1372 2941 1491 3016 quarn
1514 2916 1719 2996 frustuum
1746 2926 2016 3018 cognitionem
2040 2916 2166 2993 iaciunt,

504 3055 597 3148 quia
619 3051 824 3148 superiora
846 3045 1154 3137 saltemgenera
1174 3066 1198 3120 a
1215 3044 1448 3140 quibusdam
1466 3044 1620 3124 frustus
1638 3046 1839 3147 partibus,
1868 3051 2051 3127 inferiora
2069 3046 2167 3115 auten
2238 3084 2239 3155 Ν

503 3202 529 3255 a
544 3177 732 3261 floribus,
761 3172 887 3265 foliis,
913 3169 1110 3247 habituve·
1127 3170 1355 3269 plantarum
1374 3173 1522 3248 desumi
1537 3172 1686 3250 soient:
1708 3172 1746 3249 ὅ(
1763 3173 1866 3251 tales
1894 3175 1984 3251 sunt
2002 3159 2167 3248 methodis
2238 3170 2239 3245 i

505 3303 842 3387 Caesareano,
868 3294 1663 3392 Rx10,Kraor10,Bornnav10
1690 3300 1858 3397 aliisque
1882 3285 2166 3403 propositaPe
2238 3250 2239 3293 Ν

504 3433 688 3509 sterioris
717 3448 818 3505 vero
838 3426 999 3521 generis
1021 3422 1372 3511 coordinationes,
1402 3426 1508 3503 suam
1535 3431 1673 3527 utique
1701 3427 1893 3525 insignem
1918 3429 1966 3503 ad
1991 3415 2180 3519 dignosces¹>

505 3561 578 3636 dos
593 3555 748 3634 frustus
771 3555 876 3654 ipsos
891 3561 1060 3626 tuentur
1077 3551 1310 3643 utilitatem,
1335 3574 1411 3626 nec
1425 3578 1447 3628 e
1463 3550 1706 3655 Carpologia
1724 3553 1895 3631 exulare
1912 3555 2057 3630 debent.
2078 3535 2168 3620 Varii

505 3686 685 3768 illarum,
711 3682 877 3759 averiis
893 3679 1022 3753 &vix
1036 3700 1119 3752 non
1135 3676 1323 3754 omnibus
1337 3675 1537 3759 fructuum
1556 3685 1738 3781 partibus
1760 3682 2024 3758 desumturum
2042 3672 2168 3751 schem

503 3820 545 3890 ta
570 3811 644 3889 An
656 3824 899 3886 Assorus
933 3804 1135 3889 exhibuit,
1167 3804 1208 3881 &
1233 3802 1648 3907 nciilnnumquoque
1678 3782 2169 3907 fuiffet‚p1ureralias‚ad
2237 3848 2238 3877 ,

505 3940 612 4017 istam
633 3958 816 4013 normam
830 3942 1020 4009 efflatas
1038 3933 1265 4032 plantarum
1281 3931 1506 4029 syntheses,
1531 3935 1621 4015 heio
1636 3934 1807 4019 afferre3
1832 3937 2018 4030 quoniam
2041 3906 2238 4004 veroid

506 4069 633 4143 multo
654 4063 925 4167 opportunius
948 4059 1038 4140 fieri
1060 4061 1230 4160 poterit,
1254 4059 1462 4161 postquam
1488 4065 1668 4143 omnium
1691 4061 1808 4137 nobis
1827 4064 1944 4158 cogni
1947 4072 2070 4137 torum
2090 4045 2169 4120 sruc-

506 4201 620 4273 tuum
648 4191 959 4291 descriptiones
949 4212 990 4263 m
1009 4190 1202 4287 proximo
1226 4182 1349 4281 hujus
1371 4189 1507 4288 operis
1537 4188 1746 4264 volumine
1771 4189 2088 4264 exhibuerimusc
2119 4168 2171 4240 11⁸⁰

507 4320 596 4395 vice
610 4340 651 4390 1n
663 4339 781 4391 unico
803 4315 999 4390 duntaxat
1019 4310 1217 4410 ejusmodi
1233 4313 1468 4390 methodicae
1486 4314 1746 4417 dispositionis
1769 4314 2052 4409 acquiescemus
2069 4310 2169 4375 exem·
2236 4386 2237 4389 ,

507 4445 596 4545 plo,
621 4465 701 4538 quo
723 4442 828 4520 solos
849 4443 963 4527 ilios,
1001 4445 1041 4516 in
1068 4441 1258 4517 subnexis
1285 4438 1490 4517 Centuriis
1516 4440 1734 4518 recensitos
1758 4439 1933 4524 sruttus,
1964 4440 2003 4511 in
2029 4425 2172 4506 ordinem
2236 4422 2237 4473 ἓ

508 4570 705 4668 quendam
726 4566 978 4661 redigemus
1012 4566 1140 4642 donec
1161 4564 1341 4661 reliquos
1362 4566 1548 4655 addendi,
1583 4580 1823 4664 mutuasque
1851 4568 2025 4643 omnium
2050 4542 2173 4627 relatio·

507 4696 768 4772 nesuberius
791 4693 1044 4778 dilucidandi,
1072 4693 1392 4788 insequentibus
1416 4698 1495 4771 erit
1525 4694 1687 4772 occasio
1736 4690 1850 4772 Scire
1870 4701 2001 4771 autem
2027 4662 2173 4756 interest

507 4822 644 4919 quod
634 4845 674 4898 1n
690 4822 767 4897 hoc
782 4821 979 4897 schemate
995 4820 1260 4918 cotyledones
1275 4821 1515 4913 statuantur
1540 4823 1707 4921 quales
1697 4845 1738 4898 ru
1759 4820 1906 4899 semme
1921 4817 2025 4919 ipso
2041 4809 2171 4882 nonui

506 4960 589 5027 tem
612 4950 751 5046 quales
773 4947 863 5049 post
888 4948 1221 5044 germinationem
1251 4961 1467 5053 apparent,
1501 4950 1609 5047 quod
1636 4950 1754 5050 plura
1781 4949 1938 5029 duobus
1959 4932 2172 5122 sernina,31i
2235 4958 2236 4961 ‘
