4567 5959
855 461 1160 489 “““““““
1829 485 1858 536 ν

151 659 326 753 s'ontem,
351 678 443 733 cum
471 655 735 757 Hrruro'(1.)
753 655 949 750 statuunt,
975 678 1197 771 omnesque
1222 678 1277 732 ex
1302 680 1347 736 ea
1369 659 1449 736 sola
1468 681 1647 755 gemmas
1669 664 1858 742 scaturire

152 789 307 869 volunta
359 783 465 860 Haeo
490 785 687 883 posterior
711 785 903 860 sententia
926 787 1092 859 omnino
1121 786 1288 879 reliquis
1317 787 1505 885 praeferri
1536 767 1737 876 meretum
1773 815 1858 869 non

151 914 277 990 solum
299 916 393 1008 quia
414 913 627 988 medullam
652 908 786 987 striste
807 909 860 983 sic
878 889 1016 985 didam
1038 913 1201 1009 penitus
1222 913 1461 989 excludit&
1485 925 1673 1008 tanquam
1705 941 1859 1000 meram

151 1048 362 1115 texturam
391 1037 614 1114 cellulosam
637 1035 736 1136 (a),
773 1040 945 1110 inertem
964 1035 1004 1111 dr
1024 1037 1084 1110 *ad
1114 1038 1417 1134 producendum
1445 1061 1594 1138 corpus
1626 1046 1860 1136 organicum

145 1158 270 1262 'plane
287 1167 461 1262 ineptam
477 1160 627 1260 rejicit;
651 1164 716 1239 sed
733 1159 773 1236 &
791 1163 883 1254 quia
897 1161 1083 1238 omnibus
1095 1183 1140 1234 ae
1152 1160 1315 1257 singulis
1328 1166 1595 1264 producendis
1610 1188 1859 1260 gemmarum

151 1291 356 1390 speciebus
383 1291 567 1367 satisfacit
594 1300 712 1383 atque
739 1289 789 1368 ¹in
821 1289 901 1387 ipsa
933 1292 1186 1387 experientia
1214 1292 1292 1363 rite
1313 1290 1476 1366 fundata
1502 1292 1569 1369 en
1620 1291 1730 1368 Nihil
1751 1299 1858 1371 enim

151 1419 282 1509 magis
309 1417 574 1511 manifestum,
608 1438 726 1511 quam
747 1413 855 1508 quod
882 1435 1023 1489 omnes
1050 1436 1221 1508 gemmae
1244 1417 1473 1516 compositae
1502 1419 1771 1496 insubstantia
1795 1421 1860 1498 illa

151 1544 293 1626 molli,
316 1566 373 1617 ex
387 1542 491 1618 vasis
504 1542 711 1641 spiralibus
729 1541 768 1615 δι
781 1540 1007 1615 succulento
1026 1542 1338 1639 parenchymate
1356 1547 1548 1628 excitata,
1573 1568 1665 1639 quae
1687 1549 1727 1620 in
1750 1552 1858 1622 omni

151 1671 291 1768 planta
311 1670 379 1748 sub
410 1670 558 1742 cortice
587 1672 748 1743 interno
767 1665 917 1750 haeret,
942 1666 1127 1760 radicatae
1148 1665 1225 1740 sint
1251 1692 1297 1742 ac
1315 1692 1405 1745 cum
1429 1671 1565 1746 eadem
1590 1693 1716 1748 unum
1741 1673 1858 1749 indis·

152 1806 309 1871 cretum
327 1816 487 1892 eorpus
511 1796 703 1876 efficiant3
744 1791 857 1866 &ita
880 1796 999 1865 etiam
1029 1789 1125 1864 nihil
1149 1796 1276 1888 magis
1303 1794 1567 1890 luculentum,
1609 1819 1728 1893 quam
1750 1800 1859 1894 quod

152 1942 297 1997 omnes
310 1944 471 2016 quoque
486 1943 655 2013 gemmae
669 1918 929 2015 simpliciores
946 1942 1000 1992 ex
1015 1915 1152 1991 eadem
1172 1918 1250 2014 ipsa
1265 1920 1476 1996 substantia
1495 1932 1619 1997 totam
1641 1922 1729 1999 fere
1749 1926 1859 2000 suam

148 2047 301 2123 molem
322 2059 441 2150 atque
460 2046 631 2120 sormam
654 2045 945 2123 nanciscantur.
998 2042 1096 2119 Sive
1116 2047 1239 2137 igitur
1254 2046 1362 2121 istam
1384 2048 1650 2143 substantiam,
1676 2071 1857 2136 carnem,

149 2172 235 2250 sive
264 2174 420 2267 lignum
453 2172 665 2262 tenellum,
702 2170 767 2244 seu
797 2169 967 2265 denique
993 2171 1206 2246 medullam
1238 2182 1460 2258 recentem,
1494 2188 1564 2251 aut
1590 2176 1722 2250 latiori
1749 2176 1857 2250 sensu

149 2297 337 2390 sumtum,
363 2297 569 2395 appellare
588 2298 766 2381 libuerit,
790 2296 828 2371 id
848 2296 1007 2390 quidem
1022 2298 1208 2394 perinde,
1226 2285 1299 2371 'sed
1322 2298 1359 2371 id
1379 2302 1593 2374 axiomatIs
1607 2301 1695 2374 loco
1713 2301 1858 2375 baben·

153 2423 248 2497 dum
267 2426 363 2506 erit,
389 2423 498 2517 quod
522 2445 569 2495 ea
587 2422 667 2496 sola
690 2423 877 2496 omnibus
896 2425 1065 2514 gemmis
1081 2426 1210 2518 prima
1238 2424 1431 2516 largiatur
1453 2427 1580 2506 initia,
1609 2424 1778 2520 &quod
1802 2449 1857 2501 ex

151 2549 233 2646 ipsa
251 2549 329 2624 sola
348 2552 524 2647 primum
549 2542 822 2643 cujuscunque
840 2549 1033 2643 germinis
1052 2549 1244 2645 procedat
1257 2549 1406 2624 stamen
1427 2551 1579 2626 vivum.

245 2785 483 2881 Ubicrmque
511 2788 635 2881 igitur
659 2790 835 2864 recentis
863 2787 969 2864 illius
996 2788 1182 2863 medullae
1204 2790 1230 2864 s.
1266 2793 1415 2885 carnis,
1441 2793 1480 2866 in
1516 2788 1683 2884 quadarn
1707 2790 1856 2887 plantae

145 2921 283 3012 parte,
309 2913 508 3012 sufficiens
524 2913 652 2988 aderit
667 2918 890 3007 quantitaS,
918 2916 968 2989 ibi
986 2937 1162 3010 quoque,
1191 2916 1274 2990 solo
1293 2919 1514 3014 opitulante
1535 2918 1648 2991 succo
1670 2919 1856 3001 nutritio,

145 3060 305 3132 gemma
323 3043 433 3120 nasci
454 3041 623 3137 poterit:
650 3039 689 3114 ὅ(
705 3038 886 3124 vicissim,
908 3040 1133 3133 ubicunque
1149 3045 1381 3134 organicum
1404 3066 1574 3144 corpus,
1598 3068 1621 3117 a
1639 3039 1795 3117 Natura
1817 3045 1857 3114 in

143 3168 480 3263 propagationem
510 3165 653 3262 speciei
687 3163 941 3256 destinatum,
981 3190 1036 3239 ex
1062 3167 1141 3265 ipsa
1172 3169 1321 3265 plantae
1353 3192 1491 3251 carne,
1529 3171 1612 3244 solo
1643 3164 1857 3242 famulante

144 3294 315 3365 nutritio
331 3289 466 3374 latice,
494 3299 676 3370 enatum,
699 3277 1000 3387 persedumque
1014 3292 1155 3377 fuerit,
1182 3295 1233 3365 ibi
1244 3316 1441 3386 gemmam
1459 3306 1615 3370 enatam
1632 3303 1722 3368 tuto
1737 3292 1854 3376 dices,
1904 3395 1906 3398 Ι

144 3437 400 3510 quaecunque
425 3418 544 3489 etiam
565 3414 688 3488 fuerit
714 3415 823 3489 istius
844 3419 1029 3514 corporis
1044 3415 1189 3492 fabrica
1202 3429 1321 3512 atque
1346 3422 1476 3515 figura
1492 3433 1675 3512 externa.
1727 3420 1857 3526 Ηίηρζ

145 3537 349 3638 respestu,
369 3550 486 3615 ortus
500 3540 536 3614 id
563 3536 747 3613 Gemmae
766 3543 929 3636 privum
947 3543 1155 3618 statuimus
1170 3554 1290 3637 atque
1306 3548 1495 3645 princeps
1515 3571 1536 3620 a
1556 3547 1702 3621 semine
1718 3545 1856 3621 discri·
1913 3581 1917 3588 ’

144 3688 250 3750 men,
277 3666 386 3760 quod
399 3652 464 3739 illa
480 3689 534 3739 ex
548 3664 766 3764 propria&
781 3670 969 3740 continua
984 3669 1052 3743 sibi
1066 3674 1207 3742 matris
1221 3681 1581 3757 ‹arneenascatur3
1606 3672 1699 3746 dum
1714 3682 1855 3744 contra

143 3796 187 3866 in
210 3794 373 3867 seminis
390 3788 521 3884 genesi
536 3788 733 3866 necessum
750 3790 815 3875 srt,
840 3801 886 3866 ut
908 3796 1022 3870 intra,
1028 3795 1242 3892 peculiaria
1259 3798 1540 3895 conceptacula
1555 3798 1594 3870 ἃ
1613 3822 1637 3871 a
1660 3796 1853 3894 peculari-

143 3920 221 3995 bus
250 3919 433 4013 organis,
464 3912 673 3991 novissima
696 3924 817 4010 atque
846 3917 869 3991 a
898 3928 1078 3994 materna
1106 3918 1383 3996 distinstisiima
1407 3922 1650 4019 producatur
1673 3919 1853 3994 medulla.

142 4041 282 4139 Ergo,
306 4043 626 4139 ficonceptacula
643 4043 843 4142 capiendae
860 4066 983 4120 novae
1003 4042 1206 4126 medullae,
1227 4042 1423 4139 srorgana
1436 4047 1567 4119 eidem
1586 4046 1855 4143 producendae
1980 4139 1985 4147 Ι

143 4174 274 4269 paria,
299 4169 447 4259 verbo,
478 4167 509 4240 fi
530 4170 718 4262 genitalia
739 4173 839 4246 vera
857 4169 1000 4256 defiat,
1025 4191 1231 4262 nunquam
1257 4169 1410 4254 semen,
1436 4171 1499 4244 sed
1525 4194 1636 4246 mera
1658 4171 1855 4246 duntaxat

141 4298 298 4395 poterit
313 4295 478 4393 produci
492 4316 667 4390 gemma:
694 4316 793 4388 ergo
808 4294 848 4368 dr
862 4317 982 4369 onme
994 4296 1295 4394 propagationis
1306 4317 1521 4388 organum,
1544 4298 1651 4390 quod
1667 4301 1704 4371 in
1719 4299 1853 4395 planta

142 4421 387 4518 genitalibus
399 4420 600 4504 destituta,
626 4428 697 4493 aut
710 4430 828 4493 extra
842 4422 1074 4514 genitalium
1090 4431 1253 4518 tempus
1267 4431 1456 4497 nascetur
1471 4432 1592 4516 atque
1608 4424 1851 4522 perficietur,

141 4550 296 4645 absque
310 4548 395 4622 ulla
409 4546 656 4624 haesitatione
673 4546 722 4624 ad
743 4569 991 4643 gemmarum
1010 4547 1161 4623 tribum
1181 4548 1260 4622 erit
1276 4547 1576 4625 amandandum
1748 4646 1793 4721 Η

1793 4671 1852 4723 aec

230 4831 275 4912 1.)
295 4826 443 4907 uegetas.
465 4823 532 4899 sya
554 4848 584 4913 p.
605 4848 646 4892 m.
669 4846 727 4904 141.
1088 4826 1134 4909 a.)
1156 4825 1338 4892 nummi,
1353 4849 1377 4891 c.
1391 4849 1421 4913 p.
1434 4845 1478 4908 71.
1519 4826 1849 4897 transimare&

391 4925 395 4934 ⁹
1157 4961 1288 5026 apae
1332 4939 1649 5017 Hlts..lc.154.&c.
