4567 5959
758 546 1064 604 a
1657 539 1763 604 012!ss

81 754 229 855 propius
255 758 385 832 autem
409 751 547 830 temen
575 750 625 827 ad
647 754 918 828 maturitatem
939 754 1046 828 iham
1072 751 1238 837 accedit,
1270 774 1320 828 eo
1336 771 1497 850 quoque
1513 762 1686 859 propius
1709 760 1762 838 12.

82 883 184 955 minae
206 880 278 954 illae
303 852 369 953 libi
394 887 536 954 mutuo
550 873 781 975 junguntur
801 903 847 953 ac
870 880 950 953 suls
975 880 1135 954 demum
1157 880 1325 954 internis
1346 884 1689 982 paginisundique
1706 890 1760 965 se.

81 1008 112 1083 lo
127 1011 370 1100 contingunt,
403 1007 559 1094 &tunc
579 1026 741 1101 quoque
758 1028 816 1079 ex
837 1002 958 1108 rettis
971 1006 1011 1084 dt
1025 1007 1175 1104 planis,
1207 1028 1299 1100 quae
1315 1018 1430 1082 antea
1447 1009 1637 1096 fuerunt,
1669 1038 1761 1089 cur-

80 1156 151 1220 vae,
174 1133 378 1216 flexuosae,
403 1130 660 1215 convolutae,
683 1130 831 1225 gibbae,
856 1133 1006 1219 verbo,
1034 1134 1246 1208 intrinseco
1266 1133 1335 1208 suo
1353 1132 1512 1209 modulo
1530 1138 1761 1217 conformes

80 1261 174 1336 hunt.
221 1259 518 1336 lucrementum
534 1256 679 1356 ipsum,
704 1267 855 1341 cetera,
886 1259 925 1332 in
947 1259 1035 1335 aliis
1054 1258 1225 1336 celerius
1244 1259 1283 1336 δι
1300 1263 1340 1335 in
1362 1257 1447 1334 aliis
1469 1260 1622 1341 tardius
1640 1266 1760 1341 absol-

79 1390 185 1470 vitur,
215 1386 489 1482 &generatim
505 1386 544 1460 in
560 1384 709 1476 variis,
739 1405 823 1456 non
846 1367 1023 1460 obstante
1041 1387 1218 1461 alimenti
1241 1389 1378 1486 copia,
1410 1392 1566 1464 varium
1590 1390 1665 1476 est,
1696 1392 1761 1469 sed

80 1511 187 1587 ultimi
208 1507 293 1608 ejus
313 1512 476 1588 termini
500 1513 542 1584 in
564 1511 752 1586 omnibus
776 1511 850 1585 fixi
873 1519 993 1606 atque
1021 1511 1119 1586 adeo
1145 1513 1445 1589 invariabilibus
1466 1515 1658 1591 limitibus
1683 1519 1759 1592 cir·

81 1635 275 1737 mmicripti
297 1640 411 1724 lunt,
450 1642 498 1711 ut
516 1638 557 1710 in
583 1629 722 1713 multis
738 1636 929 1711 seminum
951 1638 1198 1733 myriadibus
1218 1635 1395 1738 ejusdem
1417 1641 1574 1740 speciei,
1605 1641 1761 1741 semper

81 1762 191 1838 eadem
205 1765 396 1842 habeatur
417 1762 724 1860 cotyledonum,
763 1785 845 1840 non
858 1763 984 1838 solum
1005 1764 1052 1840 ad
1070 1765 1181 1841 testae
1197 1764 1277 1840 suae
1298 1769 1530 1854 cavitatem,
1572 1765 1635 1847 sed
1653 1766 1692 1846 ὅ(
1713 1766 1761 1844 ad

82 1889 227 1985 reliquas
240 1891 371 1970 nuclei
390 1887 415 1970 l.
435 1890 673 1988 embryonis
688 1899 842 1989 partes,
875 1888 1060 1968 constans
1078 1894 1303 1992 proportio.

157 2083 312 2163 Fabrica
341 2087 563 2183 generatim
584 2107 643 2162 ex
667 2087 804 2162 tribus.
819 2085 999 2184 partibus
1029 2084 1218 2164 distinttis
1243 2087 1459 2185 compotita
1482 2087 1560 2166 est:
1602 2090 1760 2188 epider·

81 2209 165 2285 mide
182 2213 251 2287 leil.
275 2212 594 2314 parencbymate
620 2220 742 2309 atque
762 2211 866 2290 valis
891 2211 918 2286 s.
946 2212 1131 2289 tracheis.
1200 2212 1452 2312 Epidermis,
1495 2217 1574 2314 ipsa
1596 2216 1654 2291 est
1676 2241 1761 2291 em-

81 2337 223 2432 bryonia
245 2338 435 2421 cuticula,
458 2361 551 2435 quae
567 2363 730 2417 omnem
745 2337 1030 2435 cotyledonum
1053 2337 1301 2436 superficiem
1316 2338 1491 2423 investit,
1516 2343 1656 2434 eisque
1672 2363 1761 2440 par·

82 2464 137 2537 tin
157 2487 224 2563 pro
240 2465 356 2541 filtro
378 2466 561 2551 inservit,
603 2489 679 2566 per
698 2464 805 2561 quod
824 2463 964 2539 Amnii
986 2464 1120 2559 liquor
1138 2460 1353 2560 trajicitur,
1396 2467 1544 2561 partim
1564 2489 1667 2542 vero
1692 2488 1761 2541 eas

84 2590 239 2687 inpedit,
277 2594 500 2688 quominus
521 2616 611 2668 cum
629 2593 774 2670 vicinis
797 2591 1035 2689 corporibus
1054 2592 1280 2667 coalescere
1299 2600 1467 2684 queant:
1504 2612 1597 2665 nam
1618 2612 1762 2670 omnes

84 2718 310 2810 cotyledones
337 2718 387 2792 ab
409 2720 695 2813 integumentis
713 2740 830 2812 aeque
862 2740 907 2791 ae
933 2718 981 2792 ab
1002 2717 1203 2792 albumine
1229 2718 1386 2814 semper
1413 2716 1596 2792 discretae
1615 2718 1763 2794 sunt&

84 2837 237 2919 iacilhmo
252 2845 420 2940 negotio
438 2844 600 2944 poliunt
621 2845 669 2918 ab
689 2845 874 2938 utrisque
893 2845 1085 2942 separari,
1111 2852 1381 2945 praeterquam
1399 2846 1440 2920 in
1462 2843 1761 2940 Barringtonia,

84 2974 179 3060 atque
193 2967 474 3065 Mangostana,
519 2969 726 3065 inquibus
749 2970 842 3046 solis
864 2967 1169 3069 pertinaciliime
1195 2993 1286 3046 cum
1315 2970 1514 3047 albumine
1538 2953 1760 3047 cohaerent.

83 3085 327 3194 Parenchyma
350 3097 553 3174 manifeste
577 3097 848 3198 proficiscitur
871 3098 918 3171 ab
945 3099 1107 3172 interno
1125 3097 1364 3193 embryonis
1381 3099 1531 3171 cortice
1551 3096 1592 3173 δι
1613 3122 1668 3173 ex
1686 3098 1764 3173 cel-

83 3213 185 3294 luloso
209 3232 404 3299 contextu
432 3222 650 3300 conflatum
677 3221 752 3307 est,
782 3225 822 3296 in
845 3218 960 3318 cujus
986 3222 1208 3299 interstitiis
1232 3221 1400 3298 crassum
1420 3225 1604 3322 inprimis
1626 3225 1763 3300 oleum

84 3339 383 3445 &aliiliquores
406 3350 589 3450 lnspiilati
617 3351 871 3436 nidulantur;
907 3371 1067 3424 omnem
1097 3371 1258 3445 quoque
1288 3347 1574 3446 cotyledonum
1604 3347 1764 3425 matiam

83 3465 150 3547 fere
165 3475 279 3555 solum
296 3477 445 3571 efficit,
466 3480 506 3554 dt
525 3480 747 3573 generatim
764 3480 833 3554 vel
852 3480 1078 3562 herbaceae,
1105 3478 1175 3554 vel
1190 3475 1523 3574 amygdaloideae,
1549 3474 1617 3550 vel
1629 3475 1764 3552 &sub

83 3563 242 3679 coriaceie
260 3604 318 3682 est
340 3603 607 3680 conlistentiae
622 3614 741 3699 atque
758 3605 999 3704 deputandis
1018 3604 1057 3679 dt
1076 3605 1327 3678 continendis
1349 3604 1473 3677 succis
1495 3604 1674 3677 nutritiis
1689 3625 1763 3701 po·

83 3718 240 3803 iiffimum
262 3734 451 3809 inservit:
498 3741 592 3806 ante
610 3733 942 3826 germinationem
964 3733 1097 3814 enim,
1131 3730 1260 3806 vel&
1282 3730 1350 3804 sub
1369 3723 1457 3824 ejus
1480 3729 1609 3811 initia,
1642 3747 1763 3801 omne

83 3849 287 3947 embryonis
311 3857 549 3934 alimentum
576 3860 615 3932 in
642 3855 793 3933 bibulas
816 3859 931 3934 venit
956 3855 1217 3953 cotyledones
1238 3854 1278 3930 δι
1298 3857 1347 3931 ab
1366 3857 1426 3930 eis
1444 3853 1631 3928 radiculae
1642 3861 1762 3947 atque

83 3969 245 4067 plumulae
267 3983 462 4067 traditura
492 3984 652 4058 simulac
671 4005 775 4060 vero
795 3983 967 4058 radicula
991 3992 1114 4058 terrae
1138 3980 1328 4064 inhaeret,
1365 3992 1463 4056 tunc
1490 3979 1682 4052 nutritius
1706 3979 1763 4052 la-

85 4104 156 4186 tex,
178 4115 380 4185 contrario
400 4113 555 4196 itinere,
580 4133 635 4183 ex
649 4109 871 4206 embryone
889 4110 925 4181 iu
943 4081 1208 4204 cotyledones
1227 4107 1384 4200 migrat,
1408 4114 1456 4179 ut
1469 4104 1520 4178 ibi
1539 4103 1763 4180 exhalando

84 4220 292 4334 deputetur,
329 4249 403 4315 aut
432 4237 660 4338 recipiendo
685 4239 891 4314 tenuiores
925 4260 980 4310 ex
1013 4235 1106 4310 tere
1138 4233 1372 4331 particulas,
1414 4232 1542 4305 motui
1571 4229 1765 4305 reddatur

84 4357 199 4445 aptior.
242 4362 352 4441 Huic
371 4367 487 4466 scopo
510 4366 692 4463 inprimis
713 4385 874 4460 quoque
897 4360 1000 4446 Vasa
1028 4361 1052 4434 s.
1075 4359 1248 4433 tracheae
1266 4360 1505 4448 inserviunt,
1542 4379 1634 4451 quae
1649 4367 1766 4455 coty-

83 4472 263 4563 ledonibus
279 4492 459 4567 conceila
484 4492 522 4567 δι
543 4514 617 4591 per
637 4488 864 4566 cellulosum
887 4488 1009 4563 suum·
1023 4496 1258 4561 contextum
1277 4485 1429 4582 sparsa,
1462 4484 1549 4558 illas
1571 4505 1662 4558 cum
1680 4508 1766 4560 em·

82 4597 214 4699 bryone
241 4618 381 4694 intime
404 4616 658 4697 connestunt.
710 4611 883 4716 Semper
903 4637 957 4689 ex
981 4612 1059 4711 ipsa
1077 4606 1199 4707 hujus
1219 4611 1427 4688 substantia
1456 4612 1633 4695 carnosa,
1668 4633 1767 4684 mox

83 4724 166 4808 inira
184 4741 375 4838 plumulae
389 4755 582 4822 exortum
605 4745 871 4846 proveniunt,
898 4751 1018 4835 atque
1033 4740 1358 4824 extremitatibus
1377 4738 1456 4811 suis
1479 4739 1518 4810 iu
1541 4736 1767 4833 parenchy-

82 4867 168 4933 roate
190 4880 255 4944 aut
279 4872 320 4943 in
344 4870 628 4968 cotyledonum
652 4870 856 4969 superficie
878 4868 1097 4949 finiuntur,
1138 4874 1185 4938 ut
1203 4864 1429 4938 exhalando
1458 4865 1611 4961 pariter
1636 4885 1681 4933 ac
1703 4883 1767 4937 re·

82 4973 252 5067 sorbendo
274 4996 468 5094 plantula
487 4996 660 5077 seminali
683 4993 863 5096 prodesse
883 5000 1043 5091 queant
1087 4989 1281 5108 *Eundem
1304 4992 1425 5085 igitur
1444 4988 1702 5186 usum,fquin
1728 4983 1769 5059 dt

864 5143 894 5196 u
1281 5181 1286 5194 ,
1596 5112 1766 5186 abricam
