4567 5959
521 577 612 630 CXX
1223 586 1528 640 ΕΞ

522 809 635 861 mero
654 779 933 884 superstruffa,
959 805 1069 857 mere
1090 783 1307 858 artificialia
1330 785 1563 884 &precaria
1586 783 1671 861 sint.
1721 786 1802 863 His
1817 792 1948 862 tamen
1969 806 2048 859 non
2068 783 2184 873 obstan·

521 914 646 995 tibus,
672 911 861 984 semimun
878 931 1072 984 numerus
1088 913 1126 983 in
1144 914 1268 985 variis
1291 911 1449 985 familiis
1472 922 1591 1005 atque
1614 914 1829 1006 generibus
1852 913 2092 989 naturalibus
2114 922 2207 983 con·¹

520 1039 628 1113 stans
643 1038 682 1111 ὃ(
698 1036 942 1111 invariabilis
958 1035 1285 1133 deprehenditur:
1312 1047 1359 1111 ut
1378 1039 1416 1109 in
1438 1034 1718 1122 Graminibus,
1739 1037 2025 1137 Cyperoideis,
2048 1035 2183 1132 Compo·

519 1166 602 1240 litis
618 1164 662 1241 &·
675 1162 895 1261 Dipsaceis,
926 1163 966 1233 in
987 1163 1130 1254 quibus
1153 1165 1339 1237 omnibus
1365 1164 1522 1239 nonnisi
1544 1166 1729 1248 unicum,
1767 1164 1856 1262 post
1877 1163 2051 1256 singulos
2072 1160 2183 1242 flores,

442 1308 444 1311 ’
519 1291 638 1369 datur
659 1291 802 1364 semen.
851 1287 986 1361 Etiam
1007 1290 1187 1379 gemina,
1215 1291 1254 1362 in
1278 1288 1552 1365 Umbelliferis
1574 1290 1613 1365 δι
1636 1287 1834 1374 Stellatis,
1860 1286 2092 1363 usitatissima
2112 1287 2183 1359 sunt

521 1416 656 1494 Terna
670 1424 804 1488 autem
824 1413 864 1487 δι
885 1423 1095 1507 quaterna,
1122 1417 1162 1486 in
1176 1413 1394 1499 Tricoccis,
1418 1414 1676 1492 Verticillatis
1690 1416 1730 1491 &
1744 1414 2013 1514 Asperifoliis,
2038 1415 2117 1489 sunt
2126 1413 2183 1486 sre-

519 1540 779 1638 quentiffima.
829 1538 887 1613 Et
916 1541 1057 1633 quina,
1083 1540 1192 1624 sena,
1225 1532 1271 1616 a'c
1298 1542 1423 1626 dena,
1458 1547 1583 1620 variis
1612 1544 1828 1637 generibus
1854 1540 2093 1615 naturalibus
2113 1539 2183 1614 adro

519 1669 724 1744 familiaria
748 1667 854 1748 sunt,
880 1674 926 1737 nt
951 1666 992 1736 in
1013 1663 1216 1759 Fagonia,
1251 1666 1450 1752 Geranio,
1481 1666 1660 1764 Ayenia,
1696 1669 1768 1744 &c
1797 1670 2006 1764 quinarius
2028 1666 2183 1740 serninun

519 1813 715 1870 numerus
729 1813 934 1885 nunquam
954 1790 1118 1868 variasse
1133 1793 1241 1867 visus
1261 1793 1318 1867 frt.
1369 1792 1448 1870 Sed
1474 1798 1513 1869 in
1538 1798 1723 1870 omnibus
1741 1795 1829 1886 his,
1861 1796 2020 1866 numeri
2042 1790 2182 1865 constan·

519 1924 574 1996 tia
588 1920 677 1995 inde
693 1918 984 2018 proficiscitur,
1015 1918 1121 2011 quod
1138 1920 1284 1994 semina
1301 1921 1370 1998 vel
1394 1921 1499 1995 nuda
1517 1920 1610 2006 smt,
1636 1923 1704 1998 vel
1726 1920 1833 2015 quod
1853 1919 2003 2013 lingula
2024 1919 2184 1991 duntaxat

520 2049 625 2121 intra
647 2044 798 2138 singula
824 2043 1006 2116 haereant
1029 2045 1318 2119 loculamenta:
1357 2050 1652 2146 quamprimum
1680 2050 1786 2122 euim
1819 2067 1960 2120 eorum
1987 2045 2112 2142 plura,
2137 2042 2185 2113 uni

521 2172 652 2245 insunt
665 2168 947 2253 loculamento,
967 2180 1065 2244 tunc
1089 2173 1220 2246 omnis
1237 2176 1427 2247 continuo
1445 2177 1553 2271 perit
1574 2172 1789 2248 constantia
1810 2171 1850 2245 δι
1869 2191 2065 2244 numerus
2085 2170 2125 2242 fit
2136 2188 2184 2242 va·

518 2297 689 2371 riabilis:
725 2299 784 2370 uti
809 2296 846 2371 id
864 2294 1125 2370 Commelinae
1149 2296 1189 2370 bt
1212 2297 1455 2393 Plantaginis
1479 2301 1667 2399 exemplo
1692 2298 1915 2373 luculenter
1938 2296 2134 2375 docemur,
2159 2292 2186 2364 in

519 2445 689 2518 quarum
710 2420 985 2496 loculamentis
1005 2445 1200 2498 numerus
1216 2425 1407 2501 seminum
1432 2429 1579 2521 variat,
1608 2426 1768 2499 simulac
1792 2424 1985 2495 unitatem
2007 2418 2185 2498 excesserit

519 2549 566 2623 In
588 2548 772 2623 omnibus
794 2549 914 2643 igitur
937 2549 1233 2642 loculamentis,
1259 2572 1453 2626 numerus
1473 2554 1625 2628 binario
1645 2546 1788 2647 major,
1822 2546 2048 2622 inconstans
2064 2545 2185 2619 censen·

519 2675 611 2759 dus,
636 2683 678 2747 at
694 2673 781 2747 ideo
797 2683 931 2747 tamen
952 2695 1201 2768 nequaquam
1221 2676 1339 2773 plane
1358 2679 1621 2774 negligendus
1642 2677 1718 2762 est,
1748 2678 1841 2770 quia
1865 2672 2056 2772 stupenda
2072 2672 2186 2770 planta·

519 2824 610 2876 rum
627 2798 873 2894 quarundam
899 2798 1102 2884 fertilitas,
1129 2810 1248 2895 atque
1272 2805 1383 2876 varia
1398 2805 1657 2879 antherarum
1684 2806 1725 2877 in
1752 2800 1873 2876 ovula
1892 2802 2070 2894 energia,
2093 2818 2137 2868 ex
2154 2814 2185 2867 eo

520 2928 780 3022 cognoscitur.
829 2906 1026 2999 Enormis
1044 2947 1189 3025 nempe
1208 2927 1387 3025 stirpium
1407 2931 1694 3005 nonnullarum
1719 2928 1905 3001 fertilitas
1923 2926 1998 3001 est:
2022 2934 2066 2999 ut
2083 2925 2114 2994 in
2130 2916 2185 2993 u·

521 3055 634 3137 nilla,
659 3048 774 3146 cujus
796 3051 947 3144 fingula
963 3052 1135 3150 capsula,
1169 3052 1287 3151 supra
1309 3054 1465 3139 decem,
1501 3056 1541 3130 δι
1561 3055 1821 3151 grandiores,
1862 3052 1979 3151 supra
2003 3043 2184 3144 quindecim

521 3182 712 3255 seminum
731 3179 939 3250 continent
952 3178 1093 3261 millia;
1118 3178 1394 3271 &generatim
1424 3185 1463 3254 in
1487 3190 1571 3256 tota
1588 3182 1676 3257 sere
1696 3178 1915 3256 Orcbidum
1939 3177 2102 3256 familia,
2122 3186 2185 3263 quae

521 3305 750 3387 fertilitate,
792 3303 857 3376 vel
881 3302 1015 3378 saltem
1038 3303 1232 3401 stupendo
1261 3306 1452 3382 seminum
1480 3330 1670 3391 numero,
1705 3322 1849 3380 omnes
1881 3303 2057 3397 reliquas
2086 3295 2184 3374 vincit

520 3429 615 3506 Post
632 3430 732 3502 hanc
748 3427 966 3522 sequuntur
982 3426 1209 3525 Papavera,
1235 3442 1283 3505 ut
1303 3431 1531 3517 Glauciam,
1556 3432 1792 3527 Argemone
1815 3429 1855 3502 δι
1873 3427 2062 3527 Papauer
2078 3423 2184 3523 ipsum,

521 3558 561 3628 in
580 3551 693 3650 cujus
709 3554 783 3627 scil.
804 3552 967 3646 singulis
984 3556 1188 3651 capitulis,
1217 3557 1407 3633 seminum
1424 3555 1515 3634 otto
1532 3557 1670 3642 millia,
1696 3556 1806 3632 Gna
1818 3579 1882 3633 w1
1895 3574 1954 3628 us
1977 3551 2063 3650 (r.)
2080 3567 2184 3623 nume·

519 3684 637 3758 ravit
686 3679 753 3757 Ab
781 3683 843 3756 his
868 3679 1058 3779 proxime
1083 3678 1225 3756 distant
1250 3680 1500 3782 Nymphaea,
1536 3682 1785 3777 lVluntingia‚
1809 3680 2037 3765 Nicetiana,
2066 3668 2184 3771 ΡΥΓΟΙἃ

519 3809 559 3883 &
582 3807 757 3883 Ledum:
784 3830 874 3880 nam
891 3800 1007 3881 duero
1027 3828 1082 3878 ex
1097 3807 1276 3905 pondere
1298 3810 1487 3885 seminum
1502 3809 1725 3885 Nicotianae
1742 3809 1911 3900 calculo,
1940 3809 2012 3880 uni
2031 3799 2110 3899 ejus
2123 3797 2183 3871 stir-

519 3935 578 4032 pi,
604 3941 830 4008 tercentum
854 3930 1116 4023 &sexaginta
1139 3933 1248 4007 mille
1273 3935 1442 4019 semina,
1476 3933 1551 4009 Ra
1562 3955 1649 4030 Jus
1676 3932 1774 4032 (2.)
1797 3933 1988 4007 attribuit.
2037 3927 2183 4013 Denique

521 4061 638 4132 etiam
656 4062 797 4153 ingens
813 4057 871 4132 est
886 4059 1076 4132 seminum
1095 4079 1291 4133 numerus
1302 4061 1342 4132 in
1359 4058 1624 4156 Lychnideis,
1650 4056 1879 4136 Solanaceis
1895 4058 1935 4131 ἃ
1950 4050 2182 4148 Ringentibus

520 4187 662 4269 variis,
687 4189 726 4257 in
743 4182 1083 4278 quarumlingulis
1098 4184 1262 4282 capsulis
1276 4185 1378 4281 saepe
1398 4194 1582 4269 centum,
1607 4186 1795 4270 ducenta,
1824 4184 1996 4282 &plura
2016 4175 2183 4275 reperiun-

521 4318 589 4383 tur
608 4309 765 4382 semina.
813 4307 941 4382 Tanta
954 4308 1135 4383 fertilitas
1150 4312 1289 4404 utique
1304 4311 1602 4385 admirationem
1618 4322 1775 4395 movet3
1801 4310 1865 4385 sed
1888 4307 1924 4382 id
1946 4319 2074 4381 tamen
2088 4294 2182 4387 nrag'ss

520 4435 647 4510 adhuc
661 4433 822 4509 videtur
842 4432 1034 4517 mirabile,
1060 4434 1167 4528 quod
1189 4436 1226 4507 in
1246 4435 1332 4509 aliis
1346 4437 1511 4533 plantis,
1538 4436 1634 4512 adeo
1648 4439 1827 4511 enormis
1842 4435 2058 4509 ovulorum
2073 4440 2181 4500 nune·

520 4581 613 4647 rus,
639 4557 933 4659 apaucislimis,
958 4566 1099 4633 contra
1120 4580 1221 4631 vero
1242 4562 1279 4632 in
1295 4562 1400 4647 aliis,
1425 4585 1476 4635 ne
1496 4562 1647 4639 modica
1661 4560 1819 4656 quidem
1841 4580 1981 4634 eorum
2007 4549 2180 4649 quantitas,

520 4712 542 4761 a
564 4685 885 4762 numerosissimis
912 4683 1132 4758 foecundari
1160 4695 1281 4778 queat
1302 4685 1557 4772 staminibus;
1596 4687 1703 4783 quod
1724 4687 1889 4785 plantae,
1915 4670 2180 4758 eminentissimo

521 4812 947 4919 gradupolyspermae,
972 4809 1050 4885 illae
1067 4810 1157 4914 ipsae
1179 4809 1275 4894 sint,
1302 4813 1445 4911 quibus
1468 4813 1691 4913 paucissima
1712 4818 1948 4915 competunt
1971 4790 2180 4987 staminmddl

2099 4943 2160 5018 quo

564 5139 610 5220 t.)
634 5140 726 5227 RAJ.
747 5135 814 5198 bist.
835 5132 928 5219 plaut.
951 5154 981 5219 p.
1003 5153 1054 5212 24·
1430 5135 1480 5216 a.)
1502 5131 1523 5196 l.
1542 5157 1567 5199 r.
