4567 5959
845 506 1154 566 ω
1379 555 1382 560 .
1562 557 1567 562 a
1799 529 1852 588 ,n

145 720 465 803 incrementum,
490 717 554 796 sed
574 739 649 818 per
664 737 752 795 earn
768 721 907 819 potius
923 719 1183 797 destruunnu
1204 714 1245 792 δι
1263 721 1450 813 tanquam
1463 716 1631 796 inutiles
1644 725 1810 804 exuviae
1828 747 1852 804 a

144 846 330 942 partibus
364 844 475 919 vivis
498 844 762 942 segregantur
789 855 909 941 atque
937 856 1160 931 exuuntur,
1214 846 1308 921 Hoc
1334 847 1461 945 ipsum
1491 845 1568 922 effe
1605 849 1850 931 inalterabile

145 970 274 1045 fatum
301 992 414 1046 verae
437 970 597 1047 seminis
628 974 756 1066 testae‚
792 974 1472 1070 nemoignorat3nunquameni1u
1498 974 1583 1058 illa,
1614 975 1684 1051 sub
1707 988 1852 1075 germi-

86 1195 95 1205 '
146 1098 309 1170 natione
328 1098 398 1172 vel
411 1101 620 1175 minimum
634 1099 774 1199 cepisse
788 1102 1098 1193 incrementum,
1123 1102 1247 1174 autin
1262 1099 1382 1173 ullam
1396 1120 1518 1175 novae
1532 1100 1680 1199 plantae
1694 1117 1852 1205 partem

147 1220 300 1306 abiiss'e‚
326 1224 408 1298 vila
428 1223 486 1300 est
507 1246 703 1320 unquam,
729 1226 834 1301 haud
852 1225 979 1319 magis
993 1225 1084 1300 sane
1097 1236 1219 1323 atque
1237 1227 1307 1300 ovi
1323 1221 1528 1317 gallinacei
1542 1226 1640 1302 testa
1652 1230 1720 1307 sub
1741 1238 1850 1313 incu-

143 1347 240 1421 batu
257 1349 298 1421 in
315 1345 413 1447 pulli
431 1358 544 1425 artus
558 1349 756 1446 migrall'e,
782 1360 852 1426 aut
868 1354 1048 1450 propriis
1066 1357 1327 1431 condecorata
1346 1348 1457 1426 fiiisse
1473 1352 1645 1450 plumis,
1673 1379 1851 1455 unquam

145 1473 228 1549 vila
261 1472 320 1548 sit
374 1473 521 1572 Longe
541 1499 643 1552 vero
675 1478 752 1552 alia
783 1477 869 1552 sors
898 1486 1036 1552 manet
1068 1480 1389 1578 integumentum
1420 1483 1630 1579 proprium
1663 1504 1850 1578 gemmea

144 1605 295 1700 quippe
308 1603 416 1697 quod
432 1623 488 1680 ex
503 1625 605 1682 vero
626 1603 666 1678 &
680 1606 780 1681 vivo
800 1608 950 1682 cortice
966 1600 1179 1689 structum,
1206 1604 1306 1681 adeo
1321 1626 1405 1679 non
1424 1609 1609 1692 exuitur,
1633 1622 1705 1687 aut
1723 1614 1851 1691 ulium
1987 1697 1994 1704 ,

143 1728 214 1802 sub
238 1731 528 1823 germinatione
554 1732 705 1830 patitur
734 1730 1043 1816 detruncatum,
1086 1740 1136 1805 ut
1163 1734 1300 1831 potius
1331 1754 1519 1831 peream
1547 1731 1851 1809 constantiliimc

144 1876 254 1929 nova
272 1858 403 1953 capiat
424 1858 673 1932 incrementa
694 1868 813 1953 atque
834 1861 920 1957 pari
946 1882 1037 1933 cum
1059 1857 1232 1933 medulla
1247 1858 1315 1932 sua
1340 1854 1465 1956 pullu,
1493 1859 1534 1932 in
1557 1882 1680 1935 novae
1702 1861 1850 1958 planto

141 1979 500 2075 migretfflormam,
524 1992 730 2080 totamque
748 1980 837 2081 ejus
861 1988 1075 2061 comitetur
1098 1983 1387 2062 evolutionem.
1438 1982 1715 2081 Quodcunque
1731 1989 1851 2081 igitur

142 2110 447 2208 propagationis
466 2131 666 2208 organon,
692 2112 759 2186 sub
772 2113 1081 2207 germinatione,
1106 2112 1317 2210 proprium
1335 2111 1449 2185 suum
1469 2114 1585 2186 exuit
1598 2114 1851 2207 mtegumen-

143 2246 252 2323 tum,
288 2238 462 2333 solisque
489 2240 671 2338 partibus
705 2238 785 2314 suis
811 2239 999 2322 internis,
1037 2238 1105 2315 vel
1128 2236 1426 2332 &quibusdam
1453 2237 1593 2312 saltem
1622 2261 1778 2322 earum,
1809 2240 1851 2311 in

143 2385 295 2446 novam
313 2367 491 2441 excrecit
514 2362 708 2465 plantam,
738 2364 777 2439 id
793 2363 919 2439 solum
934 2358 1028 2459 jure
1054 2361 1130 2437 dici
1152 2364 1303 2463 poterit
1328 2359 1467 2447 Senem
1498 2363 1539 2439 ἂ
1565 2387 1622 2438 ex
1643 2365 1735 2458 lege
1755 2387 1851 2439 con·

146 2490 281 2575 trarii,
306 2490 342 2566 id
367 2514 489 2568 omne
515 2515 593 2592 pro
614 2488 817 2570 veriffima
844 2490 1068 2567 habendum
1096 2493 1176 2564 erit
1202 2485 1367 2572 Gemma,
1396 2483 1511 2583 cujus
1531 2492 1850 2585 integumentum

145 2619 358 2714 proprium
379 2619 450 2693 sub
472 2620 786 2714 'gerunnatione,
816 2640 890 2716 per
907 2614 1065 2710 singula
1089 2615 1309 2715 superficiei
1331 2616 1411 2690 suae
1434 2612 1579 2714 puncta
1602 2616 1850 2710 aequabiliter

145 2746 291 2821 crescit
304 2744 344 2821 δι
357 2753 490 2822 totum
503 2754 696 2841 quantum
713 2766 884 2819 unacum
901 2741 1072 2818 medulla
1087 2743 1207 2817 suain
1220 2766 1371 2821 novam
1387 2743 1639 2817 convertitur
1657 2741 1849 2842 plattam,

144 2866 286 2963 Atque
320 2871 426 2945 hunc
454 2875 574 2947 etiam
605 2876 645 2947 in
670 2872 823 2947 sensum
854 2869 1182 2969 interpretandus
1210 2868 1269 2945 est
1294 2867 1543 2944 Lruumus
1570 2866 1666 2966 (n),
1692 2865 1850 2963 quando

144 2993 348 3072 verillime
361 2998 473 3073 dicit:
497 3000 632 3099 planta
650 3021 722 3098 per
735 3017 921 3095 gemmas
942 2998 1088 3073 crescit
1105 2975 1164 3071 uir
1180 2993 1381 3094 Polypus,
1407 3019 1482 3096 per
1500 2998 1650 3073 semina
1668 3016 1770 3071 vero
1790 2995 1851 3067 uti

144 3144 221 3219 per
233 3147 317 3200 ova
334 3125 574 3201 animalium.

245 3323 429 3437 Reliquae
448 3329 730 3418 mutationesa
754 3343 1047 3435 germinatione
1071 3339 1400 3440 proficiscentes,
1425 3340 1572 3440 partim
1596 3342 1733 3413 minus
1755 3357 1849 3411 con-

143 3463 291 3563 spiceae
300 3513 321 3551 „
336 3471 481 3563 partim
494 3471 614 3543 etiarn
632 3471 765 3542 minus
779 3466 1022 3542 universales
1036 3467 1145 3551 sunt,
1173 3465 1214 3541 δι
1231 3467 1301 3541 vel
1316 3468 1355 3541 in
1370 3465 1557 3540 radicula.
1582 3464 1650 3538 vel
1666 3469 1704 3539 in
1719 3463 1850 3563 scapo,

146 3590 218 3666 vel
234 3591 323 3665 &in
337 3593 743 3691 partibusaccelloriis
758 3591 1005 3685 contingunt.
1035 3573 1200 3668 Nullum
1212 3593 1287 3670 scil
1303 3594 1341 3666 in
1355 3594 1524 3687 gemmis
1540 3591 1624 3665 dari
1634 3589 1849 3664 radiculam

136 3720 375 3815 propriam,
395 3715 477 3815 jam
500 3722 618 3819 supra
637 3720 859 3804 innuimus;
886 3740 974 3792 curn
998 3722 1129 3812 itaque
1151 3719 1215 3792 illa
1236 3742 1311 3817 per
1335 3720 1667 3813 germinationem
1691 3717 1851 3791 subnas÷

145 3845 270 3937 citur,
300 3867 383 3920 non
403 3845 527 3922 solum
548 3847 586 3921 id
609 3846 807 3922 aleminis
828 3844 1001 3917 radicula
1022 3844 1178 3939 differt,
1203 3844 1309 3941 quod
1332 3846 1495 3942 penitus
1514 3866 1623 3918 nova
1636 3841 1701 3928 lit,
1726 3840 1791 3916 led
1811 3840 1852 3915 rit

147 3969 188 4045 id
213 3970 262 4043 ab
289 3995 337 4045 ea
357 3970 486 4056 distat,
518 3971 624 4067 quod
644 3971 803 4048 diverso
830 3969 949 4045 modo
974 3969 1230 4066 producatur.
1264 3969 1321 4043 'E
1349 3992 1506 4063 gemma
1527 3992 1690 4067 nempe,
1719 3970 1852 4042 rarius

147 4098 282 4181 unica,
306 4096 372 4172 sed
390 4097 476 4172 fere
497 4099 650 4198 semper
668 4098 807 4196 plures
832 4096 946 4171 fimul
967 4093 1163 4194 pullulant
1180 4095 1388 4180 radiculae,
1421 4117 1579 4188 eaeque,
1618 4096 1658 4166 in
1677 4102 1851 4188 utroque

148 4220 254 4306 casu,
280 4222 506 4299 constanter
522 4247 578 4298 ex
597 4224 738 4298 iocieta
759 4222 966 4297 medullari
988 4233 1107 4317 atque
1120 4223 1296 4297 corticali
1315 4220 1522 4298 substantia
1538 4221 1591 4293 ita
1605 4219 1851 4303 formantur,

147 4354 197 4421 u't
213 4369 340 4423 unum
359 4353 593 4426 continuum
609 4372 757 4449 corpus
777 4373 869 4424 cum
892 4350 973 4448 ipso
995 4368 1165 4442 geminae
1182 4351 1457 4442 integumento
1477 4349 1645 4445 proprio
1663 4344 1851 4430 efficiant,

146 4495 225 4548 nec
237 4475 452 4570 quidquam
461 4476 509 4552 ab
523 4499 572 4551 eo
588 4476 771 4553 discretae
785 4474 878 4550 fini:
904 4483 1045 4550 contra
1056 4497 1159 4550 vero
1174 4477 1213 4549 in
1227 4476 1455 4559 seminibus,
1476 4475 1612 4573 paucis
1625 4471 1852 4547 Cerealium

147 4605 330 4701 exeplis,
353 4604 470 4677 unica
491 4611 647 4679 tanturn
666 4604 837 4679 habetur
859 4601 1051 4697 radicula,
1076 4626 1203 4699 eaque
1222 4627 1278 4678 ex
1299 4600 1379 4678 solo
1401 4599 1670 4699 proficiscitur
1690 4600 1852 4683 nucleo,

145 4750 194 4804 ac
218 4726 525 4807 manifestilsnne
542 4729 596 4806 ab
621 4735 899 4827 integumento
922 4730 1102 4828 seminis,
1126 4732 1196 4810 vel
1217 4733 1258 4806 in
1279 4728 1372 4830 iplis
1396 4725 1661 4804 minutillimis
1683 4708 1852 4800 Musco-

970 4856 996 4931 b
1021 4873 1045 4927 2
1758 4869 1853 4924 rum

178 4999 180 5004 ’
243 5014 285 5096 ι.)
309 5015 436 5076 Amen.
457 5010 539 5075 aad.
560 5027 587 5075 a.
609 5031 641 5096 p,
660 5016 723 5083 ιω.
