4567 5959
783 513 797 522 .
872 471 1185 532 m

794 748 1058 862 carvr
1093 753 1233 863 xw.
1292 693 1303 708 ’
1367 729 1370 734 ‘

976 985 1071 1066 or

295 1180 628 1263 usruoorcA
649 1117 1005 1263 rasuram
1024 1183 1066 1262 A
1089 1182 1315 1265 FRVCTV
1330 1183 1723 1268 ursrosmour.

5 1595 11 1703 ἶ
150 1592 534 1751 Clavemmethopl
557 1650 785 1749 plantarum
799 1647 1014 1736 naturalis,
1036 1614 1169 1747 neque
1194 1654 1236 1727 in
1257 1652 1623 1744 seminisCorculo,
1647 1665 1696 1732 ut
1713 1658 1872 1756 quidam

4 1815 12 1858 :2
150 1759 399 1864 voluerunt,
425 1797 556 1870 neque
573 1777 613 1849 in
627 1775 707 1850 ulla
724 1777 798 1850 alia
814 1768 967 1850 fructus
981 1780 1051 1844 aut
1061 1775 1524 1880 frustificationisparte,
1550 1784 1769 1861 conclusam
1781 1784 1871 1870 else,

4 1981 6 1984 ,
151 1905 280 1979 immo
297 1926 349 1979 ne
369 1904 454 1979 dari
468 1901 627 1996 quidem
643 1903 748 1977 illam
764 1902 872 2002 polle
890 1902 1019 1985 ullibi,
1045 1901 1137 1977 satis
1155 1918 1311 1982 certum
1331 1908 1409 1993 est,
1436 1912 1529 2002 quia
1541 1911 1778 2004 organisatio
1795 1932 1872 1983 ma·

152 2035 275 2106 teriae
290 2030 527 2125 vegetabilis
541 2030 639 2105 adeo
667 2031 844 2106 diversas
857 2028 959 2103 subit
975 2015 1309 2128 modificationes,
1333 2045 1454 2130 atque
1481 2037 1644 2111 istarum
1670 2035 1869 2110 modifica-

152 2160 315 2233 tionum
340 2162 487 2233 iterum
506 2158 606 2236 adeo
621 2155 845 2233 numerosae
859 2154 1004 2229 dantur
1020 2157 1356 2244 combinationes,
1380 2173 1428 2235 ut
1446 2162 1617 2238 affinitas
1641 2161 1869 2260 plantarum

152 2305 407 2379 nequaquam
429 2309 485 2360 ex
508 2287 628 2359 unico
649 2282 763 2357 sonte
792 2291 913 2378 queat
935 2303 1113 2366 manare,
1144 2306 1275 2379 neque
1307 2288 1426 2360 etiam
1456 2309 1630 2380 genera,
1656 2286 1869 2360 secundum

153 2410 298 2485 seriem
317 2408 504 2522 direptam
522 2409 562 2485 &
585 2413 838 2494 continuam,
863 2408 931 2483 fibi
948 2418 1090 2483 mutuo
1105 2408 1252 2507 pollint
1267 2412 1498 2507 succedere,
1521 2413 1585 2488 sed
1601 2414 1688 2486 haec
1711 2415 1867 2510 potius,

155 2544 344 2631 tanquam
367 2534 519 2612 trat‘lus
538 2536 578 2612 &
598 2539 821 2636 provinciae
852 2538 890 2610 in
917 2559 1060 2635 mappa
1081 2538 1365 2637 geographica,
1382 2535 1505 2633 juxta
1530 2539 1568 2613 se
1590 2536 1736 2637 posita,
1769 2540 1867 2633 quin

158 2661 200 2737 δι
220 2664 437 2748 interdum,
462 2661 675 2738 insularum
690 2661 879 2746 adinstar,
904 2664 1087 2739 avicinis
1105 2664 1223 2763 plane
1241 2665 1418 2762 separata
1439 2665 1514 2741 elle
1539 2664 1733 2740 debeanta
1755 2662 1867 2738 ficari

160 2789 217 2884 id,
240 2792 308 2866 vel
323 2792 414 2889 ipsae
426 2789 600 2876 Clanis,
622 2790 689 2865 seu
709 2790 892 2886 suprema
908 2789 1155 2887 plantarum,
1181 2791 1383 2876 asemine,
1407 2813 1573 2885 genera,
1590 2789 1700 2866 clare·
1708 2790 1865 2876 docent,

161 2917 313 3012 quando
332 2916 408 2992 scil.
425 2917 710 3014 acotyledones
731 2916 889 3014 plantas
912 2937 1201 3010 nonnunquam
1228 2916 1632 3015 polycotyledonum‚
1659 2915 1699 2991 &
1727 2939 1865 2991 mono·

165 3045 438 3139 cotyledones‚
467 3044 570 3119 haud
596 3066 690 3117 raro
710 3041 1039 3138 dicotyledonum
1059 3045 1310 3118 territorium
1340 3045 1492 3118 intrare
1513 3053 1633 3140 atque
1655 3041 1710 3118 fic
1732 3052 1865 3118 utras-

165 3189 251 3262 que,
276 3173 316 3245 in
338 3172 468 3247 alieno
483 3170 680 3256 dominio,
705 3170 929 3268 peculiares
950 3169 1077 3246 status
1099 3171 1275 3244 formare
1299 3169 1495 3245 videmus.

252 3385 331 3460 His
351 3395 486 3462 tamen
505 3408 586 3461 non
602 3384 870 3469 obstantibus,
897 3383 1105 3461 erstissima
1126 3386 1237 3484 saepe
1252 3387 1359 3462 inter
1378 3381 1552 3484 plantas,
1584 3394 1666 3462 tam
1693 3411 1717 3461 a
1741 3385 1862 3472 ilore,

165 3529 273 3602 quam
295 3515 480 3610 inprimis
502 3536 666 3608 quoque
692 3536 715 3586 a
742 3509 900 3596 nunu,
934 3513 1149 3587 nascuntur
1173 3513 1377 3588 affinitatis
1403 3513 1566 3589 vincula
1593 3516 1790 3611 partialia,
1822 3512 1863 3587 ἃ

162 3639 279 3709 variae
291 3637 439 3712 dantur
454 3638 616 3713 familiae
631 3638 856 3732 naturales,
878 3660 1047 3733 quarum
1068 3638 1279 3716 essentialis
1296 3636 1499 3716 character
1514 3647 1652 3736 aperte
1669 3642 1709 3713 in
1729 3634 1861 3712 frusto

165 3757 343 3838 fundatus
361 3765 402 3839 δι
423 3765 528 3863 saepe
551 3759 590 3838 iu
615 3765 692 3838 hoc
716 3765 839 3840 latius
865 3763 1029 3839 diffusus
1059 3772 1129 3838 aut
1156 3764 1400 3851 constantior
1422 3765 1504 3848 cst,
1535 3783 1652 3857 quam
1684 3764 1724 3836 in
1757 3759 1868 3837 flore·

168 3885 248 3981 ipso.
295 3889 355 3964 lla
379 3887 660 3985 Legumiuosae
681 3890 720 3965 ἃ
748 3886 974 3983 Siliquosae,
1006 3900 1150 3985 typum
1182 3888 1343 3966 familiae
1367 3892 1448 3965 suae
1471 3909 1552 3963 non
1581 3898 1661 3962 tam
1684 3885 1797 3961 facile
1820 3889 1861 3960 in

168 4008 304 4101 frusto,
328 4038 448 4112 quam
473 4021 514 4091 in
535 4019 662 4103 flore,
689 4019 884 4097 deserunt
935 4011 1088 4090 Malvae
1114 4035 1277 4100 omnes,
1315 4014 1622 4110 cotyledonibus
1652 4021 1863 4116 contorto«

169 4137 308 4234 plicatis
327 4145 368 4217 &
385 4145 584 4220 albumine
608 4140 1122 4225 membranaceo-larinum
1157 4143 1265 4215 inter
1285 4141 1324 4216 se
1348 4141 1594 4239 conspirant,
1620 4149 1740 4233 atque
1772 4139 1860 4239 lpo-

169 4284 300 4343 moeam
318 4269 696 4355 &Convol-vulum‚
722 4283 834 4346 utut
856 4270 961 4344 ilore
988 4267 1172 4352 difflues,
1199 4270 1239 4341 in
1262 4267 1369 4342 suam
1392 4268 1618 4343 societatem
1650 4270 1859 4366 rccipiunt

170 4386 378 4482 Tcicoccae,
410 4400 645 4495 embryonis
666 4398 801 4472 litu&
816 4397 964 4482 forma,
995 4418 1072 4469 nec
1092 4417 1176 4469 uon
1203 4398 1391 4495 peculiari
1415 4395 1627 4471 albuminis
1649 4394 1704 4468 sui
1734 4392 1858 4469 conli-

167 4515 315 4609 stentia‚
341 4527 447 4600 inter
467 4527 506 4600 se
528 4525 826 4601 connesluntur
845 4514 1008 4604 omnes,
1049 4546 1094 4596 ac
1112 4519 1346 4598 Parietariae
1369 4523 1409 4598 ἃ
1432 4519 1585 4597 Urticae
1615 4522 1858 4596 consortium

170 4664 241 4721 nou
259 4653 458 4751 respuunt
507 4651 677 4736 Palmae,
707 4652 936 4745 anthologis
952 4671 1110 4725 crucem
1132 4652 1332 4745 figentes,
1356 4648 1555 4723 albumine
1575 4647 1775 4722 ruminato
1789 4653 1858 4720 aut

169 4791 256 4846 cavo
275 4777 312 4852 ἃ
330 4780 556 4873 embryone
577 4777 959 4874 monocotyledone,
996 4801 1019 4852 a
1042 4779 1183 4853 vicinis
1211 4776 1324 4851 facile
1354 4775 1596 4872 separantur.
1647 4771 1855 4856 Gramina,

169 4896 240 4973 solo
252 4903 324 4981 suo
334 4907 500 4983 scutello
515 4908 801 5004 cotyledoneo,
827 4906 876 4981 ab
894 4906 1090 4981 omnibus·
1101 4907 1275 5000 cognitis
1287 4903 1436 5001 plantis
1460 4875 1733 5096 distintliffippa
1757 4897 1854 4974 suut.

1096 5033 1105 5040 ·
1666 5023 1853 5098 'inbelli-
