4567 5959
820 541 1129 604 m
1686 551 1826 628 nar

121 747 213 828 cel!
229 752 342 837 brat,
367 751 642 830 ndlum'tum
660 751 835 832 mro
850 762 973 831 uteru
998 744 1636 849 mmmcmlii·
1682 743 1824 824 Femi-

119 901 198 954 nea
224 881 331 955 euim
355 880 511 980 capsula
530 880 627 956 latet
646 882 689 955 in
711 878 836 956 fundo
861 882 933 974 (r)
960 877 1227 973 integumenti
1242 876 1414 976 proprii,
1461 871 1571 971 quod
1591 893 1676 952 en
1693 872 1822 950 solum

122 1008 299 1122 undique
315 1005 489 1080 clauum
504 1015 547 1079 et
565 1008 633 1082 vel
650 1006 923 1082 intercedente
937 1003 1077 1081 visibili
1097 1001 1220 1102 spatio
1242 1022 1374 1079 vacuo
1402 1004 1463 1095 (a)
1490 1023 1514 1076 a
1536 999 1704 1100 capsulae
1725 1021 1821 1076 ver·

118 1133 200 1207 tice
216 1132 444 1230 'separatum
462 1127 539 1215 est,
564 1129 629 1207 sed
641 1129 748 1228 quod
763 1133 883 1208 etiam
900 1128 1058 1205 nonnill
1074 1129 1145 1205 sub
1161 1130 1278 1227 ipsam
1291 1130 1423 1204 orarii
1444 1130 1713 1203 maturitatem
1737 1125 1822 1225 (3)

118 1259 319 1356 aperitur,
344 1259 522 1354 adeoque
545 1266 638 1333 arrte
660 1255 699 1331 id
714 1266 903 1357 tempus,
929 1255 1038 1332 omni
1057 1267 1254 1332 extraneo
1271 1256 1433 1353 corpori
1452 1251 1641 1336 accesibus
1660 1254 1708 1329 ad
1721 1251 1823 1330 uim

117 1378 301 1479 denegat
333 1381 444 1459 Hinc
462 1385 603 1479 utique
616 1364 842 1460 frustrabor
857 1377 1051 1459 censenda
1061 1379 1334 1457 folliculorum
1348 1380 1511 1456 illorum
1523 1378 1652 1456 officia
1665 1399 1823 1456 maseu-

116 1509 176 1594 la;
203 1520 245 1585 et
266 1529 366 1587 vera
386 1509 593 1609 spermatis
606 1508 809 1605 scaturigo
828 1512 932 1585 intra
950 1505 1056 1609 'ipsas
1068 1508 1245 1606 caplblae
1262 1506 1465 1608 pcnerrm,
1495 1527 1548 1582 ac
1564 1505 1758 1603 sigillatim
1777 1503 1824 1583 io

117 1631 336 1723 filameutis
349 1636 430 1711 lllis
445 1631 676 1720 articulatis,
702 1635 848 1731 quibus
862 1633 995 1711 omma
1009 1632 1130 1712 modo
1140 1630 1338 1710 usurarum
1348 1630 1546 1730 Αἰμτυηι
1562 1634 1686 1711 ovula
1699 1631 1824 1709 affixa

116 1756 231 1846 sunt,
260 1781 310 1836 eo
328 1755 594 1838 cmfidentius
608 1759 816 1838 statuenda
828 1764 924 1856 erit,
949 1761 1058 1857 quod
1071 1759 1112 1837 dt
1130 1755 1210 1860 iplb
1222 1757 1492 1864 Houwmrus
1514 1761 1609 1857 (4),
1633 1757 1822 1835 slmilbus

110 1885 310 1963 seminum
325 1881 506 1986 Equiseti
520 1887 693 1990 capillis.
718 1885 914 1964 masculas
929 1881 1149 1964 atmibuere
1158 1882 1411 1971 unctiones,
1443 1878 1551 1963 haud
1567 1887 1821 1964 dubitaverit.

211 2154 416 2258 Muscarium
430 2151 631 2250 antherae,
664 2150 781 2260 supra
801 2151 883 2254 jam
902 2153 956 2233 ad
982 2155 1174 2233 trutinam
1198 2164 1420 2239 revocatae,
1452 2149 1481 2229 si
1504 2153 1571 2232 vel
1595 2153 1823 2232 solishisce

108 2279 347 2358 laborarent
363 2282 682 2382 impedimentis,
719 2283 829 2380 quod
847 2305 930 2358 non
947 2277 1061 2358 aliam
1079 2281 1291 2358 admittant
1309 2282 1531 2357 ovulorum
1556 2281 1819 2357 i'oecundatio.

108 2430 227 2492 nem,
253 2430 374 2505 quam
394 2409 512 2509 supra
536 2433 696 2489 ornnem
715 2409 834 2488 fidem
855 2432 1099 2512 praecorem3
1125 2408 1283 2503 &quod
1300 2403 1403 2482 ulau
1420 2405 1650 2506 pulvisculi,
1674 2401 1822 2486 aViris

109 2529 400 2635 expertissimis
415 2588 425 2619 ,
452 2536 492 2610 in
510 2559 609 2612 vera
624 2529 760 2612 soliola
775 2534 1018 2621 excrevisse,
1044 2527 1117 2611 visi
1130 2531 1231 2620 l'mt;
1257 2551 1338 2608 non
1357 2532 1510 2632 possent
1527 2553 1602 2634 pro
1618 2538 1729 2613 veris
1743 2535 1819 2611 ‘ha-

107 2664 199 2738 beri
222 2663 387 2756 organis
403 2661 602 2738 masculis.
648 2658 737 2740 Nec
759 2659 886 2758 magis
902 2684 1063 2759 quoque
1083 2664 1234 2759 poterit
1253 2659 1385 2761 sparta
1402 2657 1493 2734 baec
1510 2657 1721 2760 Calyptris
1744 2663 1818 2737 tri·

102 2788 195 2870 bui,
222 2807 313 2882 quae
333 2810 482 2887 purum
504 2798 645 2887 putum
665 2783 741 2865 lint
763 2785 880 2864 lloris
899 2789 1244 2884 integumentum,
1275 2785 1420 2862 caduco
1442 2787 1567 2884 calyci
1588 2788 1818 2882 analogum

104 2909 144 2990 dt
175 2935 269 3008 quae
300 2914 392 3013 ipsae
413 2937 575 3011 quoque
596 2909 932 2992 soecundationem
951 2925 1136 3018 poscant,
1167 2922 1307 2988 contra
1319 2916 1452 2989 omnia
1472 2914 1636 2988 sanioris
1654 2911 1817 3011 physio·

20 3077 23 3082 ·
104 3040 232 3135 logiae
242 3041 457 3139 principia,
485 3038 725 3124 feminarum
747 3042 965 3142 pubertati,
990 3041 1382 3138 longeauteriorem,
1428 3033 1566 3114 Multo
1585 3041 1706 3136 igitur
1722 3063 1818 3140 pro·

103 3168 204 3264 pius
221 3165 269 3239 ad
292 3168 503 3241 veritatem
523 3164 713 3242 accellill'e
735 3166 895 3243 videtur
917 3163 1108 3243 Hromus
1133 3164 1235 3265 (ς),
1280 3165 1437 3262 quando
1455 3167 1558 3241 intra
1577 3165 1686 3264 ipsas
1705 3164 1819 3241 Mus

100 3311 252 3366 corum
277 3287 450 3389 capsulas
472 3290 625 3392 sperma
639 3292 898 3369 masculinum
923 3296 1108 3389 generari
1129 3291 1274 3369 statuit
1323 3289 1434 3369 Nihil
1454 3294 1560 3366 enim
1576 3291 1652 3367 'hac
1672 3285 1817 3367 (1οᾶνί-

101 3440 153 3493 na
183 3415 398 3517 simplicius
425 3416 484 3493 est
506 3428 548 3493 et
567 3420 813 3520 explicandis
832 3421 1017 3498 omnibus
1035 3419 1312 3520 phaenomenis
1330 3419 1484 3518 aptius:
1518 3418 1734 3494 dummodo
1757 3417 1817 3495 lo·

103 3567 153 3618 co
175 3541 343 3642 pollinis
368 3551 411 3618 et
431 3540 663 3630 staminum,
704 3567 795 3641 quae
821 3547 1012 3626 Hroarus
1034 3547 1074 3619 in
1097 3544 1197 3619 ciliis
1218 3541 1464 3644 capsularum
1486 3543 1686 3639 quaesivit,
1725 3539 1817 3620 ilui-

101 3667 205 3742 dum
226 3667 381 3770 sperma
404 3673 603 3765 avegetis
626 3670 839 3771 Operculis
855 3672 1003 3748 secerni
1022 3681 1063 3751 et
1081 3671 1384 3773 peristomatum
1410 3691 1487 3771 ope
1521 3670 1569 3745 ad
1596 3669 1716 3746 oraria
1748 3665 1815 3746 de·

99 3794 209 3869 serri
241 3789 358 3869 dicas.
420 3780 481 3871 Ita
505 3798 613 3870 enim
641 3795 781 3874 cunita
801 3799 1058 3898 fientplana,
1093 3799 1262 3875 &certa
1282 3796 1431 3899 patebit
1453 3797 1577 3871 ratio:
1616 3818 1689 3870 cur
1711 3795 1815 3869 circa

99 3943 259 3998 verum
282 3920 505 4019 pubertatis
531 3919 770 3999 seminarum
791 3933 977 4025 tempus,
1002 3924 1206 4024 opercula
1232 3923 1344 3999 succo
1362 3922 1531 3997 scateant
1551 3922 1744 4021 plurimo,
1766 3929 1816 4051 ut

29 4049 33 4062 ‘
101 4049 229 4122 etiam
260 4045 434 4143 undique
460 4059 580 4124 extra
611 4047 786 4149 capsulas
812 4051 1096 4153 protuberent,
1150 4074 1222 4125 cur
1251 4048 1550 4149 peristomatum
1578 4047 1679 4123 smes
1709 4016 1816 4122 intra

35 4153 54 4182 ’”
102 4173 398 4272 operculorum
412 4173 649 4250 nidulentur
669 4175 853 4282 pulpam3
884 4198 956 4252 cur
975 4176 1141 4255 eadem
1132 4198 1172 4249 m
1193 4175 1379 4250 omnibus
1403 4172 1490 4251 sere
1512 4171 1671 4250 Muscis
1696 4196 1814 4274 repe·

101 4302 290 4385 riantur,
314 4296 564 4399 &peculiari
589 4299 789 4398 gaudeant
809 4303 1118 4401 organisatione,
1144 4322 1394 4398 nequaquam
1413 4323 1505 4377 cum
1526 4303 1650 4377 meris
1668 4302 1812 4380 valvu-

101 4423 242 4532 larum
265 4425 484 4525 elateribus
503 4428 786 4527 comparanda,
811 4427 851 4509 dr
869 4429 1166 4527 den'ique,¹cur
1189 4425 1434 4506 foecundatio
1462 4426 1675 4517 seminum,
1707 4439 1814 4505 cete·

948 4580 1018 4636 ea
1722 4577 1814 4640 ras

150 4795 202 4877 ι)
222 4799 480 4865 sorranus.
500 4796 521 4864 l
538 4814 568 4868 r.
588 4802 701 4913 pap]
1020 4793 1076 4881 4)
1096 4787 1217 4861 Th‘ffl·
1233 4806 1367 4875 smmi·
1393 4807 1422 4879 P·
1439 4810 1480 4867 33·
1497 4791 1577 4883 seqq.

150 4980 208 5063 ²·)
232 4943 341 5045 lanu
363 4981 484 5048 ibid·
763 4990 768 5004 ’
896 5019 903 5028 -
1021 4993 1072 5078 a)
1093 4987 1203 5056 ruat
1229 4993 1389 5061 ranna
1411 4996 1492 5056 nm.
1518 5005 1584 5070 42⁸.
1611 4996 1716 5073 vege.
1740 4987 1813 5076 tua.

1107 5126 1145 5191 r·
1165 5127 1205 5170 a·
1225 5121 1288 5184 aa

155 5166 208 5238 a.)
232 5165 340 5227 loru
361 5163 438 5233 isid
