4567 5959
842 525 1147 583 m
1718 518 1854 574 CXLIX

2 769 8 789 ³
145 703 339 838 tophyllo.
365 743 484 832 atque
504 728 726 816 Nelumbo,
764 730 803 806 id
821 740 978 807 tantum
1002 730 1351 826 acotyledonibus
1375 729 1488 807 distat
1505 727 1700 816 Vitellus,
1748 733 1856 827 quod

2 898 4 905 >
145 867 230 940 lobi
251 861 361 960 ejus,
385 865 488 938 circa
510 859 616 936 baiin
636 860 768 942 suam,
793 858 893 933 adeo
914 859 994 933 late
1019 861 1125 932 inter
1146 858 1236 934 se&
1249 880 1340 932 cum
1355 857 1526 933 radicula
1548 858 1679 932 coaliti
1694 856 1787 944 fint,
1808 869 1856 934 ut

2 1001 11 1009 '
145 992 252 1070 hanc
262 992 424 1090 penitus
442 987 703 1071 abscondant,
718 983 767 1070 A&
784 983 891 1079 quod
911 984 980 1059 sub
994 986 1287 1078 germinatione
1305 984 1464 1059 seminis
1480 987 1584 1057 intra
1598 983 1735 1062 testam
1747 985 1856 1061 suam

145 1127 338 1193 maneant
359 1112 555 1189 conclusi:
582 1113 674 1187 hinc
689 1109 834 1187 debent
851 1110 1011 1205 quidem
1025 1111 1105 1185 lobi
1124 1109 1203 1193 isti,
1239 1110 1453 1186 secundum
1474 1112 1673 1204 rigorem,
1705 1109 1855 1187 Vitello

145 1243 331 1327 adscribi3
371 1241 437 1317 sed
457 1237 671 1315 ex.habitu
696 1237 784 1321 suo,
824 1236 1034 1312 commode
1060 1258 1222 1333 quoque
1241 1244 1437 1336 poterunt
1462 1234 1766 1332 cotyledonibus
1783 1259 1854 1310 an-

1 1378 12 1425 2‘
143 1370 366 1446 numerari.

247 1554 295 1629 In
313 1550 572 1628 Graminibus
594 1572 703 1626 nova
721 1548 891 1624 habetur
911 1543 1031 1645 hujus
1047 1552 1218 1627 visceris
1234 1550 1381 1646 forma,
1406 1550 1446 1626 ὅ(
1464 1571 1571 1626 nova
1589 1570 1750 1644 quoque
1764 1572 1855 1648 par-

141 1686 250 1758 tium
274 1682 432 1758 seminis
453 1678 711 1752 combinatioz
740 1667 837 1750 ‘nam
859 1679 900 1749 in
925 1675 989 1751 his
1004 1676 1181 1754 Vitellus
1204 1679 1377 1773 figuram
1404 1676 1522 1753 habet
1543 1676 1714 1772 squamae
1741 1679 1855 1751 scuti-

141 1807 315 1891 formis,
341 1810 405 1880 cui
418 1807 546 1880 antice
567 1804 757 1900 embryo,
784 1803 931 1903 postice
951 1814 1085 1878 autem
1106 1805 1257 1899 grande
1269 1801 1478 1878 albuminis
1497 1823 1645 1902 corpus
1662 1803 1857 1908 adimerem

1 1925 23 2028 ‘j'
139 1934 258 2010 unde
278 1932 422 2027 RnJus
448 1930 524 2031 (1)
549 1933 650 2007 hanc
674 1933 911 2028 embryonis
935 1951 1026 2005 cum
1045 1930 1114 2005 suo
1133 1931 1282 2007 semine
1307 1930 1492 2028 copulam
1513 1928 1617 2003 haud
1638 1930 1857 2023 incongrue

1 2053 19 2152 ff
140 2084 240 2135 cum
261 2058 584 2157 emplastratione
606 2062 647 2133 in
672 2059 881 2134 arboribus
905 2061 1178 2157 comparavit;
1212 2055 1531 2151 quandoquidem
1553 2055 1757 2129 scutellum
1779 2079 1857 2129 em·

8 2185 20 2284 'U
139 2188 442 2282 bryonigerum
464 2185 579 2260 simili
602 2186 768 2285 prorsus
788 2184 907 2260 modo
935 2207 1026 2259 cum
1057 2183 1211 2276 reliqua
1233 2182 1392 2256 seminis
1421 2202 1612 2278 compage
1637 2182 1856 2267 cohaereat,

140 2310 261 2385 ficuti
282 2333 460 2405 gemma,
495 2313 656 2387 corticis
680 2312 738 2387 sui
757 2309 908 2387 scutulo
930 2309 1247 2409 appendiculata,
1280 2327 1369 2381 cum
1394 2307 1549 2380 arboris
1571 2329 1686 2379 ramo
1712 2310 1749 2378 in
1774 2331 1856 2382 em-

2 2441 15 2549 ζ
142 2437 404 2536 plastratione
424 2436 624 2512 commiffa
643 2437 713 2515 est.
760 2434 918 2536 Nempe
936 2440 976 2510 in
998 2438 1183 2512 omnibus
1200 2437 1291 2511 veri
1307 2434 1483 2508 nominis
1499 2429 1756 2508 Graminibus
1772 2457 1856 2506 car-

1 2572 10 2665 s
147 2547 291 2638 nolum
315 2562 513 2658 quoddam
537 2547 578 2640 dc
602 2562 865 2663 compreli'um
888 2566 1092 2661 reperitur
1113 2559 1419 2660 corpusculum,
1466 2561 1573 2657 quod
1596 2585 1650 2634 ex
1675 2561 1800 2633 altera
1832 2560 1857 2632 s.

1 2673 16 2705 ³
152 2693 358 2765 exteriore
381 2690 447 2763 sua
464 2698 578 2788 parte
595 2691 895 2790 planiusculum'
913 2701 983 2765 aut
1006 2691 1111 2765 sulco
1138 2687 1414 2784 longitudinali
1434 2697 1673 2763 excavatum
1703 2686 1777 2768 est,
1818 2688 1857 2758 in

4 2823 11 2924 ’Υ
152 2838 237 2911 quo
260 2816 429 2912 embryo
446 2810 571 2910 jacet,
608 2840 663 2892 ex
686 2820 813 2892 altera
835 2841 937 2893 vero
958 2817 1193 2912 aequabilem
1221 2815 1341 2891 habet
1362 2812 1628 2911 superficiem,
1672 2834 1751 2906 qua
1781 2813 1858 2922 ipsa

152 2940 338 3018 albumini
367 2952 539 3019 externe
556 2937 759 3037 junctum,
802 2944 1010 3039 eidemque
1038 2942 1145 3038 quali
1169 2942 1460 3037 agglutinatum
1486 2936 1553 3012 eit
1605 2936 1857 3033 singularem

4 3171 9 3182 ,
152 3066 256 3143 hanc
271 3067 409 3146 Vitelli
429 3069 617 3167 speciem,
649 3072 818 3169 proprio
838 3067 981 3149 Statielli
1005 3064 1215 3167 cotyledone·
1239 3069 1402 3142 nomine
1424 3051 1731 3158 distinguimus,
1752 3088 1858 3141 earn-

4 3211 17 3302 ᾗ
155 3215 235 3287 que
262 3218 336 3295 pro
356 3192 545 3268 ess'entiali
563 3193 603 3269 dc
623 3192 935 3272 characteristica
954 3193 1193 3272 Graminum
1211 3203 1308 3268 nota
1323 3200 1436 3266 tanto
1461 3192 1728 3267 confidentius
1743 3193 1859 3267 habe-

6 3424 18 3432 μ
154 3340 264 3404 mus,
299 3320 408 3415 quod
427 3314 650 3395 Scutellum
670 3323 710 3395 in
731 3323 795 3397 his
817 3325 968 3419 absque
997 3324 1238 3419 exceptione
1264 3318 1470 3402 omnibus,
1508 3322 1644 3395 necin
1670 3315 1753 3392 ullo
1780 3321 1867 3416 alio

9 3465 27 3556 ’ἱ
155 3449 313 3539 cognito
333 3446 479 3523 semine
509 3444 703 3522 hactenus
724 3459 933 3557 repertum
966 3448 1024 3522 fit.
1074 3446 1229 3540 Figura
1252 3449 1288 3519 ei
1312 3447 1451 3520 varia:
1507 3454 1554 3519 ut
1579 3447 1795 3520 orbiculata
1819 3451 1860 3520 in

153 3566 293 3658 Eriza,
324 3573 497 3669 elliptica
521 3574 561 3645 in
579 3570 783 3658 Cenchro,
822 3577 994 3669 oblonga
1006 3579 1046 3648 in
1066 3551 1232 3655 lVlelica,
1265 3570 1485 3644 lanceolata
1506 3572 1546 3642 in
1566 3569 1745 3656 Zizania,
1770 3575 1859 3647 lub-

154 3699 432 3794 parabolicam
456 3696 711 3784 Cerealibus,
737 3701 778 3776 δι
793 3701 868 3775 alia
881 3705 923 3775 in
939 3700 1024 3776 aliis
1032 3724 1043 3784 3
1084 3699 1241 3796 semper
1261 3717 1365 3769 vero
1385 3694 1751 3793 compressiuscula,
1782 3697 1859 3771 &a

4 3803 35 3864 ’ῤ’
155 3833 269 3919 Parte
291 3825 517 3910 exteriore,
544 3848 738 3912 concava,
768 3828 815 3902 ab
831 3830 1023 3903 interiore
1039 3833 1173 3897 autem
1189 3821 1257 3896 seu
1278 3820 1437 3903 dorlali‚
1463 3842 1657 3897 convexa.
1720 3819 1859 3897 Conli-

157 3946 292 4025 stentia
311 3952 398 4026 fere
414 3952 570 4037 eadem,
603 3976 695 4048 quae
719 3954 932 4048 embryoni
950 3951 1036 4050 ipsi,
1069 3972 1216 4048 nempe
1239 3945 1761 4040 anygdaloideo-camosa,
1787 3950 1859 4025 du.

34 4137 51 4164 ,.
159 4077 342 4164 riuscula,
379 4077 420 4152 ὃ(
439 4079 508 4154 vel
529 4078 714 4164 candida,
751 4080 821 4156 vel
841 4078 1124 4153 sublutescens.
1182 4070 1296 4150 Situs
1322 4073 1476 4167 semper
1503 4072 1544 4142 in
1571 4070 1762 4150 inferiore
1790 4089 1861 4153 aut

1 4167 51 4314 ⁸2⁹¹
161 4197 304 4277 laterali
321 4204 535 4278 albuminis
555 4214 692 4302 parte,
716 4213 764 4279 ut
779 4201 964 4282 detrastis
987 4202 1302 4298 integumentiS,
1334 4194 1462 4270 statim
1486 4197 1657 4294 embryo
1681 4225 1770 4277 cum
1789 4205 1860 4279 suo

1 4289 51 4424 ³⁹}
163 4322 331 4422 scutelle,
373 4339 493 4405 extra
521 4333 714 4407 albumen·
734 4330 880 4430 posito,
920 4325 1240 4429 inconspectum
1270 4325 1445 4399 veniant.
1519 4321 1667 4401 Nexus
1691 4327 1863 4424 denique

21 4408 55 4530 ³³,
165 4471 247 4525 cum
260 4455 456 4530 albumine
474 4458 628 4541 nullus,
654 4458 722 4534 vel
741 4455 874 4532 saltem
894 4479 978 4531 non
994 4457 1227 4550 organicus,
1254 4450 1318 4525 sed
1332 4472 1444 4525 mere
1462 4451 1740 4550 superficialis;
1767 4480 1861 4531 con-

1 4533 54 4617 ffl
166 4581 223 4648 tra
239 4592 368 4656 autem
394 4605 483 4656 cum
508 4585 752 4680 embryone,
788 4580 1023 4658 arstiilimus
1046 4582 1086 4655 ὃ(
1111 4582 1267 4677 semper
1287 4600 1416 4676 prope
1434 4577 1620 4653 radiculae
1643 4582 1751 4654 initia
1774 4603 1863 4655 con·

1 4707 16 4757 ¹¹
67 4721 81 4824 5'
164 4697 333 4796 splenos,
364 4716 412 4782 ut
432 4710 483 4781 ibi
503 4708 651 4784 scutelli
667 4719 786 4803 atque
803 4710 1038 4806 embryonis
1061 4705 1329 4782 substantiain
1349 4726 1475 4778 unum
1497 4727 1646 4803 corpus
1670 4706 1862 4782 indiscre-

1 4790 73 5020 iffi
168 4831 246 4903 tum
262 4831 421 4908 confusa
442 4832 501 4908 fit.
558 4832 746 4916 Plumula
761 4845 896 4911 autern
917 4833 1221 4914 constantissime
1241 4833 1365 4909 libera
1387 4831 1463 4917 est,
1496 4831 1536 4906 δ’(
1554 4832 1767 4909 universus
1783 4856 1863 4907 ern·

12 4962 25 5010 i
1105 4959 1109 4967 ’
1735 4959 1861 5053 bryo,

14 5038 81 5206 ᾖξ’
207 5093 246 5159 1.)
267 5089 340 5150 istst.
362 5086 457 5172 plant.
480 5109 505 5158 1.
527 5113 557 5177 p.
