4567 5959
488 470 652 526 IXXXH
1193 470 1502 505 *⁸⁸¹⁸*-

1196 510 1498 527 mm

490 686 529 758 δι
554 687 594 756 in
610 680 747 755 multis
769 679 880 776 septo
895 698 974 775 per
988 672 1278 771 longitudinem
1298 672 1446 748 divisus
1460 696 1475 746 r
1496 671 1720 770 &denique
1737 675 1931 771 margines,
1958 681 2028 772 qui
2045 679 2166 754 velin-

489 811 613 894 ssexi,
639 808 707 882 vel
728 803 923 902 simplices
938 802 977 874 δι
996 801 1098 900 saepe
1120 805 1160 875 in
1181 799 1347 879 Saturam
1363 802 1627 897 prominulam
1647 800 1837 875 incrassati
1857 802 1956 879 sunt.
2009 803 2105 877 Haec
2121 805 2167 878 su·

489 946 599 1017 tura,
626 929 806 1008 valvulas
830 933 870 1002 in
884 929 1089 1027 plerisque
1106 928 1334 1025 simpliciter
1349 925 1565 1013 connectit3
1590 932 1628 1002 in
1646 933 1770 1006 variis
1788 936 1920 1003 butem
1932 933 2168 1027 peregrinum

490 1061 596 1158 quali
609 1079 758 1157 corpus
773 1052 1035 1129 commissurae
1048 1048 1299 1147 interjectum
1320 1051 1387 1127 est.
1438 1054 1647 1153 stanempe
1660 1057 1836 1131 valvulae
1852 1057 2169 1130 discriminantur:

492 1186 662 1263 reticulo
684 1188 722 1257 in
749 1182 884 1265 Liliis;
909 1181 989 1254 seta
1007 1181 1160 1281 claqata
1179 1181 1217 1251 in
1236 1177 1457 1279 Pentapete
1469 1182 1662 1277 phenicem
1689 1180 1859 1257 vibriffis
1876 1186 1914 1254 in
1935 1180 2096 1278 Tulipa:
2118 1206 2168 1255 co

490 1316 548 1391 sta
563 1312 745 1388 filisorm't
759 1310 798 1380 in
822 1305 963 1380 'salino
978 1307 1018 1381 ἃ
1032 1305 1290 1390 Orchidibus;
1317 1307 1488 1399 denique
1509 1308 1589 1405 ipso
1603 1308 1794 1382 seminum
1819 1307 2070 1404 receptaculo
2088 1328 2169 1378 com·

491 1444 620 1522 muni,
646 1447 715 1511 ant
740 1437 895 1508 extimo
923 1431 1182 1531 dissepimenti
1212 1435 1391 1526 margine
1424 1437 1464 1508 in
1487 1432 1692 1529 Siliquosrs
1716 1436 1802 1508 sere
1829 1435 2038 1506 omnibus:
2069 1453 2169 1525 quare

491 1569 613 1640 etiam
633 1568 672 1637 in
688 1564 751 1636 his
769 1561 808 1635 ὅ(
826 1564 865 1633 in
883 1558 1121 1635 Orchidibus
1138 1560 1315 1634 valvulae
1330 1560 1368 1632 se
1389 1571 1530 1636 mutuo
1548 1584 1630 1634 non
1653 1564 1892 1653 contingunt
1916 1559 1956 1633 &
1981 1582 2053 1656 per
2070 1567 2170 1631 matu·

491 1694 651 1764 ritatem
674 1690 812 1787 sponte
827 1686 1032 1771 defluunt,
1053 1683 1191 1760 relicto
1218 1687 1372 1784 semper
1403 1689 1636 1781 intergerini
1661 1690 1850 1785 corporis.
1873 1685 2063 1779 vestigio,
2085 1679 2171 1777 quod

493 1820 534 1890 in
557 1814 796 1891 Orchidibus
812 1814 1292 1889 struicemlanternariam
1317 1812 1609 1906 quodammodo
1632 1812 1768 1893 refert

590 2023 692 2099 Haec
705 2025 837 2098 omnia
858 2031 1029 2098 externe
1048 2025 1085 2095 in
1101 2019 1295 2097 frustibus
1309 2030 1536 2097 occurrunt
1587 2021 1750 2097 interna
1766 2033 1902 2096 autem
1922 2043 2062 2097 eorum
2081 2018 2169 2092 fabri·

493 2174 537 2225 ca
554 2153 773 2245 generatim
788 2147 1045 2225 Locubmentis
1058 2160 1177 2242 atque
1192 2145 1309 2245 Septir
1325 2149 1565 2242 integratur:
1594 2170 1685 2222 nam
1705 2149 1753 2222 de
1772 2147 2008 2230 seminibus,
2032 2167 2168 2219 eorum-

493 2301 570 2373 que
590 2278 841 2373 receptaculo
856 2279 1056 2350 communi
1067 2329 1085 2360 ,.
1104 2275 1213 2370 quod
1231 2277 1335 2375 saepe
1356 2278 1571 2352 maximam
1593 2272 1751 2349 fruitus
1766 2276 1915 2348 interni
1937 2284 2089 2374 partem
2111 2266 2169 2341 esi

493 2407 562 2488 cit,
587 2402 747 2478 seorsim
777 2401 942 2477 dicetur.
1420 2394 1422 2397 ’

590 2586 878 2662 Loculamenta
904 2586 995 2659 sunt
1028 2586 1418 2663 concamerationes,
1457 2585 1628 2658 internae
1651 2581 1860 2658 sruttuum
1888 2583 2107 2660 substantiae
2128 2580 2171 2649 iu·

494 2715 676 2811 fculptae,
703 2713 742 2787 δι
759 2713 828 2787 vel
843 2712 1053 2785 seminibus
1072 2710 1258 2786 fovendis
1271 2711 1425 2796 dicatae,
1457 2713 1525 2785 vel
1539 2711 1578 2785 ὅ(
1593 2709 1819 2785 constanter
1832 2733 1974 2786 vacuae
1982 2764 2001 2795 ,.
2018 2724 2084 2782 aut
2104 2708 2169 2776 inu·

494 2842 553 2913 tili
571 2841 734 2912 materie
755 2837 941 2936 repletae:
971 2840 1148 2933 priores,
1175 2836 1441 2911 loculamenta
1459 2861 1559 2920 vera,
1586 2835 1831 2935 posteriores
1854 2846 1990 2910 autem
2000 2827 2171 2933 sprniadi·

496 2975 654 3038 cuntur.
703 2959 848 3063 Spuria
871 2962 1133 3036 loculamenta
1149 2964 1280 3037 rarius
1296 2973 1534 3048 occurrunt,
1566 2975 1685 3058 atque
1715 2987 1859 3040 nunca
1886 2987 2006 3037 mero
2029 2955 2170 3053 quodam

496 3089 716 3165 substantiae
740 3094 910 3163 internae
934 3090 1066 3172 hiatu,
1097 3090 1267 3163 fortuito
1293 3093 1499 3173 oriuntur,
1526 3098 1575 3162 ut
1600 3092 1786 3187 inprobe
1815 3091 1990 3164 maturis
2007 3081 2170 3161 sruilibur

496 3212 644 3300 Musae,
671 3214 918 3298 Cucurbitae,
941 3214 1161 3311 Cydoniae3
1186 3238 1293 3288 nunc
1319 3227 1451 3290 autem
1480 3214 1673 3289 constanti
1694 3216 1824 3290 sorma
1845 3239 1890 3290 ac
1915 3237 2084 3292 numero
2104 3225 2171 3300 gau·

497 3342 610 3426 dent,
625 3342 665 3415 bc
682 3344 721 3413 in
735 3343 919 3416 omnibns
938 3337 1114 3436 ejusdcm
1131 3342 1268 3438 speciei
1287 3339 1482 3415 sruttibus
1511 3344 1779 3437 reperiuntur.
1830 3336 1969 3436 Hujus
1996 3341 2068 3415 loci
2088 3336 2170 3410 sunt:

497 3468 651 3542 lacunae
679 3467 757 3542 illae
789 3469 1015 3551 centralcs,
1040 3466 1263 3542 furfuracea
1291 3469 1459 3542 materie
1483 3466 1695 3551 scatentes,
1735 3469 1774 3539 in
1804 3464 1982 3551 Haleso,
2021 3462 2170 3539 Nemee,

497 3592 709 3667 Antelaea:
732 3595 960 3672 cavernulae
984 3595 1062 3666 illae
1088 3592 1191 3665 infra
1212 3615 1310 3667 vera
1331 3593 1594 3667 loculamenta
1616 3593 1771 3690 positae,
1803 3595 1841 3666 in
1866 3590 2066 3680 Gmelina‚
2088 3585 2170 3657 Lan·

498 3730 615 3803 tana,
643 3718 832 3802 Pedalio,
865 3718 1031 3793 Cakile:
1071 3719 1219 3811 gemini
1249 3719 1305 3791 illi
1330 3719 1466 3801 loculi,
1506 3721 1545 3791 in
1568 3719 1762 3816 supremis
1789 3717 1937 3811 siliquis
1966 3705 2171 3811 Myagri&

499 3843 728 3917 Erucariae:
760 3846 931 3919 cuniculi
947 3846 1001 3917 illi
1018 3844 1228 3929 laterales,
1255 3846 1293 3917 in
1315 3842 1518 3943 Spathelia
1539 3843 1577 3917 ὃ(
1592 3841 1878 3920 Tournesortia
1899 3839 2033 3940 cynrosa
2050 3867 2068 3914 :s
2084 3833 2171 3909 intla-

499 3979 554 4043 tae
574 3970 652 4043 illae
666 3973 881 4058 cavitatem
900 3976 939 4044 in
960 3966 1360 4069 Nigelltia'nnmscenn:v
1384 3970 1424 4044 δι
1443 3970 1613 4079 denique
1628 3971 1839 4044 ventriculi
1868 3969 1920 4043 illi
1940 3970 2053 4044 vacui
2068 3957 2171 4037 dorsa

500 4097 582 4179 leS,
608 4099 648 4167 in
664 4095 943 4172 Valerianellis
959 4097 997 4171 ὃ(
1014 4100 1052 4169 in
1070 4093 1293 4172 Artbotidis
1309 4096 1510 4194 speciebus
1529 4096 1758 4193 plerisque:
1784 4119 1875 4169 nam
1898 4115 2038 4169 omnes
2054 4092 2110 4163 hae
2126 4104 2171 4155 ca·

501 4224 651 4299 vitates
668 4223 715 4295 ad
729 4224 997 4299 loculamenta
1005 4224 1135 4320 spuria
1151 4226 1372 4321 pertinent,
1399 4223 1491 4315 quia
1505 4224 1545 4294 in
1564 4222 1639 4297 illis
1655 4224 1809 4297 nullum
1825 4224 1984 4297 seminis
2000 4228 2067 4295 aut
2085 4205 2171 4287 evuli

500 4348 712 4441 vestigium
728 4371 902 4441 unquam
921 4349 1037 4424 adest.
1085 4349 1196 4425 Vera
1221 4359 1355 4422 autem
1371 4348 1654 4433 loculamenta,
1681 4353 1720 4422 in
1741 4347 1874 4423 srustu
1894 4353 1973 4424 rite·
1997 4336 2171 4423 soecundss·

502 4485 564 4557 to,
594 4497 797 4569 nunquam
825 4477 971 4550 semine
991 4487 1144 4560 carent,
1170 4475 1210 4550 ἃ
1232 4474 1443 4549 secundum
1471 4476 1666 4569 figuram,
1686 4498 1925 4569 numerum,
1943 4474 2057 4549 situm
2078 4477 2172 4558 atque

503 4603 676 4675 tunicam
699 4602 802 4675 suam
820 4604 1026 4700 propriam
1044 4603 1363 4678 curatescmtari
1388 4613 1608 4675 merentur.

542 4778 546 4787 ’
602 4782 755 4880 Figura
767 4785 1122 4861 loculamentorum
1150 4784 1451 4879 generatim-vel
1467 4784 1644 4869 definita,
1671 4786 1744 4863 ves
1754 4785 1956 4860 indefinita
1973 4785 2043 4861 dici
2059 4767 2171 4881 potest.

503 4911 710 4989 Posterior
730 4914 818 4987 baec
833 4916 1028 5006 emergit,
1052 4912 1210 5029 quando
1230 4910 1437 4987 substantia
1459 4913 1669 5011 pericarpii
1682 4908 1796 4987 'inter
1824 4915 2012 4989 seminum
2033 4894 2171 4985 intersti-

2132 5020 2172 5092 tia
