4567 5959
1185 862 1477 975 CAPVT
1511 862 1580 972 Χ.

1332 1087 1518 1167 DE·

1107 1269 1637 1355 ALBVMINE.

524 1697 731 1829 Remotis
752 1743 938 1821 omnibus
955 1741 1136 1840 partibus
1157 1737 1349 1813 haetenus
1366 1734 1587 1816 recenfitim
1612 1734 1773 1811 flaminia
1792 1737 1965 1834 denique
1981 1735 2118 1817 Nactus
2132 1760 2180 1815 vt-

524 1878 585 1950 nit
612 1877 652 1948 in
670 1868 941 1971 conspettum,
966 1871 1034 1963 qui
1052 1870 1250 1941 internam
1277 1867 1644 1960 integumentorum
1669 1871 1879 1946 cavitatem
1901 1864 2125 1942 exattiffime
2140 1886 2181 1936 re-

520 2002 633 2101 plet,
659 2010 782 2098 atque
803 2021 860 2072 ex
878 1994 1086 2071 substantia
1108 1990 1353 2069 herbaceo-l.
1374 1992 1811 2088 amygdalino-carnosa
1833 1993 2031 2069 formatus
2047 1990 2113 2074 est,
2133 2011 2179 2063 cu·

519 2120 588 2222 jus
606 2126 770 2209 fabrica,
797 2126 839 2198 in
857 2120 1026 2198 diversis
1039 2118 1199 2215 quidem
1217 2117 1392 2202 diversa,
1417 2124 1639 2212 generatim
1658 2132 1792 2196 tamen
1811 2143 1866 2194 ex
1878 2131 2050 2214 quatuor
2068 2116 2182 2191 distinn

522 2255 579 2328 tis
606 2255 785 2351 partibus
799 2248 1015 2348 compulita
1037 2245 1114 2320 elle
1140 2246 1260 2320 solet:
1286 2267 1433 2342 nempe
1455 2266 1511 2318 ex
1532 2242 1772 2334 Albumine,
1797 2244 1979 2331 Vitello,
2004 2240 2182 2338 Cotyledo·

523 2378 644 2454 nibus
675 2389 794 2475 atque
821 2375 1061 2472 Embryune
1087 2372 1188 2471 ipsu,
1212 2373 1280 2467 qui
1301 2375 1427 2448 totius
1457 2375 1759 2467 organisatiunis
1782 2374 1945 2450 seminis
1970 2367 2186 2468 complemen-

521 2514 611 2581 tum
632 2506 703 2582 est.

620 2675 823 2752 Albumen
839 2671 896 2750 est
907 2694 953 2747 ea
973 2686 1069 2769 pars
1083 2667 1235 2752 nuclei,
1261 2689 1352 2764 quae
1369 2692 1449 2770 per
1462 2643 1728 2745 maturitatem
1744 2669 1903 2746 feminis
1920 2693 1976 2744 ex
1991 2662 2183 2744 condenbto

523 2804 663 2889 Arunii
676 2800 841 2896 -liquure
869 2798 1039 2873 soranam
1059 2795 1099 2871 bt
1121 2796 1320 2889 originem
1342 2796 1450 2871 suam
1470 2800 1593 2896 capit,
1622 2806 1743 2893 atque
1765 2794 2065 2874 confluentia&
2087 2789 2185 2867 colore

522 2933 592 3009 fito
605 2983 620 3016 ,
645 2924 746 3004 cotti
769 2927 839 3003 uvi
869 2923 1071 3020 gallinacei
1095 2923 1300 3008 albumen,
1325 2926 1380 2997 'in
1411 2923 1551 2999 multis
1579 2921 1792 2999 seminibus
1806 2976 1822 3009 ,
1856 2944 1942 2996 nen
1977 2908 2088 2996 modo
2111 2915 2182 2989 bene

524 3055 756 3141 aemulatur,
779 3052 842 3129 l'ed
862 3050 1160 3147 &germinanti
1185 3050 1397 3144 embryoni
1419 3049 1592 3125 eundem
1615 3048 1777 3147 praestat
1790 3049 1926 3124 usum,
1950 3069 2067 3143 quem
2083 3042 2116 3117 bt
2131 3035 2183 3137 ipse

521 3180 666 3259 Pullus
680 3201 734 3256 ex
752 3177 820 3253 suo
834 3177 1034 3253 albumine
1048 3176 1183 3250 trahit
1232 3173 1341 3253 Hmc
1353 3177 1472 3251 etiam
1490 3187 1581 3276 apte
1599 3173 1812 3253 Gauwrus
1830 3172 1942 3271 (n),
1967 3172 2071 3248 istam
2089 3161 2185 3242 nuclei

522 3315 698 3407 partem,
724 3300 911 3389 Albunea,
935 3305 1092 3402 primus
1108 3300 1224 3375 dixit
1271 3299 1355 3377 Alii
1371 3324 1473 3378 vero
1487 3305 1562 3377 alia
1575 3306 1610 3379 ei
1623 3300 1809 3378 iecerunt
1824 3301 2015 3376 nominat
2034 3305 2077 3370 ut
2092 3288 2184 3367 lllm·

523 3454 705 3511 emarus
733 3432 843 3531 (a),
870 3454 897 3505 a
916 3451 998 3525 quo
1017 3431 1125 3502 inter
1148 3423 1361 3505 Secundino:
1397 3430 1554 3506 internus
1582 3429 1793 3513 referturr
1825 3424 2068 3502 Anausono
2088 3428 2185 3493 auten

521 3560 612 3660 (3³)
622 3562 841 3656 generatim
856 3559 1000 3634 dicitur
1012 3574 1165 3653 corpus
1178 3552 1362 3649 solidum,
1387 3556 1652 3652 embryonem
1672 3556 1917 3639 involvens3
1944 3550 2184 3628 Gramma

520 3683 626 3786 (4.)
645 3685 870 3784 appellatur
887 3678 1064 3767 Placentia
1072 3676 1274 3779 seminalu3
1304 3680 1344 3757 δι
1364 3680 1583 3758 ablutam
1601 3681 1771 3778 denique
1785 3705 1831 3758 ac
1851 3680 2096 3757 Βοκωικιιο
2112 3663 2185 3762 (ll

521 3809 744 3912 cotyledonis
763 3830 915 3886 nomen
933 3807 1094 3905 aceepit

617 4020 784 4100 Nullum
799 4019 883 4097 d'ari
899 4019 1030 4097 inovu
1053 4019 1267 4114 vegetabili
1287 4018 1494 4106 albumen,
1517 4022 1614 4114 quin
1628 4018 1785 4097 nullum
1808 4017 1897 4117 ejus
1917 4017 1996 4095 else
2017 4020 2057 4092 in
2078 4007 2187 4089 semine
2239 4016 2240 4097 l

519 4151 660 4237 usum,
693 4147 906 4225 mmm
937 4146 1021 4237 (6.)
1053 4170 1109 4220 ex
1134 4148 1240 4225 male
1272 4144 1470 4227 intelleito
1495 4145 1782 4232 Mammam,
1826 4168 2039 4247 perperam
2070 4132 2187 4214 statuit:

520 4274 672 4353 restius
690 4271 868 4367 dixill'et,
895 4293 977 4345 nun
999 4270 1084 4345 dari
1112 4275 1151 4345 in
1173 4275 1369 4348 omnibus.
1418 4270 1511 4348 Alia
1522 4295 1669 4370 nempe
1688 4273 1833 4348 semina
1858 4273 1957 4348 adeo
1981 4290 2102 4371 pauca
2121 4275 2187 4355 gai·

519 4402 619 4479 alent
639 4400 797 4494 liquore
823 4397 979 4482 Amuli,
1012 4405 1066 4472 ut*
1082 4422 1137 4474 ex
1166 4421 1219 4471 eu
1240 4398 1424 4472 albumen
1450 4402 1636 4492 generari
1658 4408 1851 4494 nequeat:
1876 4397 1989 4473 ncuti
2010 4401 2050 4471 in
2072 4382 2187 4492 plantis
2239 4400 2240 4467 l

519 4521 899 4628 irnperfettioribu33
929 4523 1005 4599 alia
1025 4547 1151 4609 vero,
1185 4521 1258 4598 etfi
1280 4525 1320 4596 in
1350 4525 1570 4623 primordio
1600 4526 1693 4620 suo,
1733 4526 1891 4624 copioso
1912 4521 2062 4598 Amnio
2085 4515 2187 4591 doun
2239 4498 2240 4571 Τ

517 4654 617 4743 ssrrt,
638 4653 795 4729 nullum
807 4660 941 4728 tamen
957 4649 1188 4750 producunt
1201 4650 1406 4737 albumen,
1432 4653 1620 4746 quoniam
1639 4660 1772 4727 tutum
1795 4649 2011 4728 Amnioua
2027 4638 2185 4743 grandes·

2122 4778 2187 4838 cell·
2239 4782 2240 4827 l

559 4951 606 5032 ι.)
629 4956 714 5014 Anat
735 4947 781 5011 uf
792 4946 899 5033 planu.
920 4970 950 5032 p.
965 4967 1041 5011 aot.
1424 4945 1480 5031 4.)
1504 4949 1562 5008 ner
1584 4947 1697 5007 Neuite
1720 4947 1774 5008 tte.
1797 4942 1934 5030 Append'.
1955 4963 1987 5028 p.
2010 4959 2059 5027 24.

554 5039 606 5118 a.)
629 5041 721 5121 oper.
744 5058 827 5099 omn.
849 5058 878 5120 p.
901 5058 941 5099 m.
965 5048 1011 5114 87.
1033 5042 1076 5105 al.
1420 5040 1469 5115 5)
1491 5030 1668 5114 spermaml.
1691 5053 1721 5115 p.
1742 5038 1809 5116 356.
1838 5049 1906 5116 357.
2239 5078 2240 5101 ,

554 5128 608 5208 3,)
627 5121 732 5189 Fami.
753 5120 847 5208 plant.
866 5141 898 5186 a.
916 5144 951 5208 p,
967 5143 1021 5201 29„
1037 5139 1112 5210 134·
1128 5122 1198 5209 456.
1220 5120 1283 5183 &tl
1421 5118 1474 5200 ί)
1497 5121 1623 5183 Amnem
1645 5116 1732 5182 aad,
1749 5136 1774 5186 1.
1796 5139 1827 5203 p·
1848 5133 1921 5204 334.
1943 5134 1978 5180 a.
1994 5134 2029 5200 p.
2045 5112 2111 5190 297ss
