4567 5959
779 588 1097 645 εει-,εει
1298 627 1301 632 ,
1636 575 1779 634 axum

89 785 285 871 laesionis,
304 791 354 859 ut
368 777 564 881 ejusmodi
583 786 769 866 albumen
794 787 898 867 flesti
918 792 1080 887 quidem
1102 791 1174 868 vel
1193 789 1336 866 malleo
1363 781 1561 881 distringi,
1586 787 1652 865 sed
1679 789 1781 866 diffi'-

90 914 221 987 cillime
241 912 372 986 cultro
383 911 503 986 scindi
517 921 652 1005 queat..
696 909 841 998 Minus
852 917 995 994 crebro
1013 921 1191 1010 occurit,
1208 939 1326 1013 quam
1340 916 1508 1009 reliquae
1521 915 1688 1013 species,
1703 939 1781 992 nec

89 1047 204 1114 tamen
230 1037 441 1113 admodum
461 1036 697 1134 infrequens
717 1042 796 1117 est:
831 1046 979 1118 etenim
1004 1046 1043 1117 in
1070 1046 1253 1144 plerique
1275 1043 1425 1120 Palmis
1449 1041 1637 1128 habetur,
1667 1045 1780 1119 utin

92 1163 293 1249 Phoenice,
314 1162 631 1265 Chamaeryphe,
659 1168 896 1267 Hyphaene,
922 1165 1034 1265 Sagu
1049 1182 1095 1246 et
1104 1170 1303 1266 Caryota3
1330 1171 1449 1243 etiam
1463 1171 1504 1241 in
1521 1168 1608 1243 aliis
1629 1166 1782 1256 Mono-

88 1288 374 1385 cotyledonibus
392 1295 616 1388 reperitur,
641 1305 689 1369 ut
709 1297 748 1369 in
769 1292 935 1381 Cannar
955 1293 1259 1380 Alltroemeria‚
1287 1292 1557 1390 Commelina,
1588 1290 1782 1390 Rajania,

89 1415 201 1493 Alaro
215 1418 295 1504 διες
321 1439 398 1492 nec
417 1439 557 1494 rarum
578 1418 637 1495 est
656 1421 700 1494 in
712 1415 890 1497 Stellatis
898 1475 915 1510 ,-
932 1435 980 1499 ut
999 1426 1037 1497 in
1060 1422 1227 1509 Coffea,
1249 1421 1436 1508 Pavetta,
1463 1423 1607 1508 lxora,
1631 1422 1786 1508 Rubra,

89 1541 188 1618 Gallo
209 1543 357 1630 3103&
371 1552 573 1643 praeterea
590 1568 751 1642 quoque
770 1549 908 1624 multis
924 1552 1139 1644 generibus
1161 1552 1275 1645 vagis
1296 1548 1518 1625 concellum
1534 1549 1612 1634 est,
1637 1560 1684 1624 ut
1698 1548 1780 1624 Fa·

89 1672 224 1765 goniae,
254 1667 528 1757 Allamandae,
567 1669 793 1769 Royeniaer
808 1674 1008 1770 ignatias,
1048 1674 1286 1773 Strychno,
1323 1672 1524 1773 Guajaco,
1557 1676 1787 1775 Diospyror

89 1797 236 1892 aliisque
252 1799 391 1873 variis.
442 1795 659 1893 Nunquam
673 1810 794 1876 extra
815 1801 1039 1902 sepositum
1059 1805 1480 1899 habetembryonem,
1507 1826 1640 1899 neque
1662 1807 1783 1879 etiam

90 1943 165 1995 cum
180 1921 332 1999 Vitello
357 1944 532 2019 unquam
559 1925 747 2002 sociatum
766 1927 845 2013 est,
876 1940 923 2003 ut
939 1931 1106 2025 reliquae
1133 1930 1346 2005 albuminis
1367 1929 1535 2029 speciem
1564 1930 1603 2006 &
1625 1931 1784 2025 quando

91 2047 206 2121 oleum
225 2051 431 2133 continet,
457 2049 495 2124 id
520 2050 789 2129 tenuissimum
811 2054 892 2140 est,.
912 2056 952 2132 &
976 2075 1129 2133 nervos
1154 2055 1397 2156 potissimum
1416 2056 1574 2134 afficere
1599 2056 1783 2139 videtur,

90 2174 139 2245 uti
156 2171 322 2259 Colicae,
351 2174 517 2270 Ignatiae
541 2177 580 2253 &
600 2174 796 2276 Strychni
821 2183 1022 2282 exemplis
1044 2182 1205 2258 constat.
1255 2180 1463 2281 Optimum
1483 2192 1606 2281 potus
1628 2178 1789 2257 coffeae

89 2296 375 2386 succedaneum,
397 2325 454 2377 ex
478 2303 676 2404 depurata
696 2305 802 2408 Galli
826 2295 1005 2407 Apariner
1032 2310 1232 2385 albumine
1253 2317 1433 2409 paratura

169 2508 340 2586 Fabrica
357 2511 570 2590 albuminis
593 2516 753 2615 respicit
770 2516 1011 2617 potissimum
1039 2522 1249 2603 cavitates,
1276 2539 1369 2615 quae
1395 2519 1567 2592 internae
1590 2512 1679 2612 ejus
1698 2519 1784 2593 sub'-

90 2632 221 2713 stantiae
245 2639 458 2739 insculptae
479 2642 587 2727 sunt,
614 2641 818 2718 &deinde
841 2647 961 2719 etiam
989 2645 1140 2730 sulcos,
1176 2648 1319 2739 rimas,
1343 2644 1525 2739 'aliasque
1550 2642 1790 2729 divisiones,

91 2764 214 2854 quibus
235 2768 428 2841 exterior
446 2761 535 2863 ejus
550 2769 781 2869 superficies
794 2821 813 2852 ,»
831 2771 947 2847 vario
970 2773 1010 2847 in
1034 2769 1161 2865 variis
1176 2771 1314 2856 modo,
1340 2768 1602 2846 discriminata
1620 2769 1686 2844 est.
1824 2773 1830 2778 “

171 2978 336 3057 Caritas
363 2984 404 3056 in
427 2982 628 3061 albumine
651 2984 768 3060 datur
793 2983 970 3085 duplexr
988 2986 1112 3064 altera
1131 2987 1327 3072 usitatior,
1352 3007 1430 3085 pro
1447 2984 1675 3084 recipiendo
1702 3009 1788 3062 em-

90 3101 248 3198 bryone3
272 3110 407 3186 altera
418 3134 521 3185 vero
542 3132 736 3209 perquam
754 3110 1045 3207 infrequens&
1063 3112 1290 3188 constanter
1310 3136 1452 3189 vacua
1494 3110 1616 3187 Prior
1634 3113 1787 3206 itaque,

40 3283 46 3292 -
90 3227 362 3312 loculamentum
372 3259 491 3311 verum
511 3238 813 3321 dirimeretur,
839 3261 884 3311 ac
904 3239 945 3311 in
966 3241 1074 3313 omni
1090 3239 1289 3313 albumine
1308 3235 1474 3334 orginali
1486 3235 1794 3316 constantissime·

92 3365 261 3447 occurrit3
286 3360 418 3438 sedin
437 3361 659 3447 anilaterali,
690 3384 765 3436 nec
785 3365 924 3437 nonin
942 3361 1105 3449 centrali,
1131 3366 1198 3439 vel
1214 3367 1375 3465 penitus
1390 3364 1548 3448 deficit‚·
1565 3364 1637 3439 vel*
1651 3364 1787 3440 saltem

90 3480 242 3561 loveolae
258 3495 338 3562 ant
354 3488 452 3563 sulci
468 3490 599 3565 forma
627 3496 817 3587 apparet,
844 3492 907 3563 cui
927 3490 1099 3585 embryo
1125 3490 1256 3585 aliqua
1278 3490 1483 3565 duntaxat
1497 3490 1554 3563 sui
1577 3499 1694 3587 parte
1721 3492 1791 3564 im·

90 3612 246 3699 mersus,
272 3622 414 3689 cetera
431 3639 538 3692 vero
555 3614 690 3690 nudus
706 3613 773 3691 est.
825 3609 874 3689 l‘d¹
889 3612 1200 3690 loculamentum
1221 3617 1377 3715 semper
1391 3617 1601 3691 albuminis
1616 3614 1794 3689 substan·

93 3735 148 3808 tiae
164 3739 362 3837 profunde
381 3743 618 3843 insculptum
639 3749 759 3834 atque
774 3738 873 3814 adeo
895 3723 1035 3815 exasle
1048 3741 1094 3815 ad
1111 3742 1348 3838 embryonis
1370 3741 1539 3815 formam
1561 3740 1793 3838 adaptatum

93 3862 156 3947 ast,
176 3877 223 3941 ut
235 3865 413 3953 retium,
437 3890 638 3953 curvum,
673 3865 899 3959 sinuosum,
922 3865 987 3941 vel
1011 3866 1051 3942 ἃ
1072 3867 1333 3966 sphaericum,
1368 3866 1629 3962 cylindricum
1641 3923 1657 3960 r
1677 3890 1790 3940 com·

93 3990 268 4084 prelium,
291 3995 451 4071 aliusve
467 3993 612 4069 formae
630 3991 978 4092 deprehendaturr
996 3996 1134 4090 prouti
1151 3992 1189 4068 id
1205 3993 1283 4091 ipsa
1300 3994 1535 4088 embryonis
1549 3991 1672 4086 poscit
1684 3991 1792 4086 figu-

94 4129 148 4201 ra,
171 4122 235 4192 cui
255 4120 334 4196 scil.
357 4120 436 4195 hoc
463 4120 775 4197 loculamentum
799 4119 911 4215 quali
936 4143 1012 4220 pro
1038 4119 1203 4194 modulo
1228 4120 1417 4194 inservit:
1450 4119 1637 4216 exceptis
1656 4116 1794 4224 saltem

92 4236 271 4342 Rajaniae,
297 4247 547 4332 Dioscoreae,
573 4243 776 4343 Styracis,
801 4248 1018 4345 paucisque
1036 4244 1372 4330 aliissemi'nibus,
1393 4243 1590 4339 inquibus
1605 4246 1796 4341 emllryor

92 4365 150 4443 luo
167 4371 458 4458 loculamento,
485 4374 613 4448 multo
627 4372 844 4450 minor‘est.
893 4372 1043 4449 Cetera
1064 4393 1226 4469 quoque
1240 4370 1459 4446 notandum
1474 4423 1493 4453 ,-
1510 4369 1619 4464 quod
1637 4372 1794 4446 cavitas·

93 4493 149 4567 ila
168 4500 396 4577 constanter
414 4500 566 4585 clausa.
590 4499 631 4575 ὅ(
657 4509 743 4575 tota
771 4523 828 4575 ex
856 4502 1022 4599 propria
1046 4500 1257 4575 albuminis
1287 4496 1496 4580 substantia
1522 4496 1694 4572 formata
1721 4495 1794 4590 fit,

91 4632 354 4720 praeterquam
376 4628 418 4701 in
443 4625 724 4710 commortua„
742 4623 1030 4703 T'radescantia
1051 4634 1177 4720 atque·
1197 4624 1368 4711 Palmis,
1394 4626 1432 4699 in
1454 4613 1599 4720 quibus
1620 4622 1696 4697 scil.
1718 4625 1792 4697 ex*-

91 4749 250 4826 trorsum
271 4763 413 4852 aperta
431 4764 554 4849 atque
570 4753 767 4851 peculiari
781 4753 951 4847 quodam
975 4752 1172 4851 operculo
1193 4774 1342 4827 corneo
1354 4804 1372 4838 ,2
1391 4749 1484 4827 solis
1503 4748 1583 4825 istis
1599 4747 1794 4846 stirpibus

92 4880 266 4971 proprio,
293 4880 420 4955 clausa
435 4877 503 4954 est.
551 4878 610 4955 Et
629 4882 682 4954 ita
697 4880 817 4953 etiam
831 4882 938 4958 inter
952 4878 1243 4955 constantiores
1258 4874 1383 4975 hujus
1395 4877 1581 4951 'cavitatis'
1596 4874 1712 4950 dotes
1725 4896 1794 4951 re·

91 4992 294 5084 serendum
306 5060 324 5093 ,
346 5006 455 5104 quod
475 5007 717 5083 inomnibua
735 5002 934 5082 maenus.
952 5007 1123 5101 cognitis
1138 4991 1357 5082 seminibus
1370 5004 1527 5102 semper
1547 5001 1794 5201 deprehen?

1775 5135 1794 5201 t
