4567 5959
500 558 597 612 xan
1205 539 1516 603 ====2
1621 565 1628 578 “

564 651 566 654 ’
735 660 752 690 0

499 750 575 826 dus
597 747 638 826 dr
654 771 716 826 ex·
734 776 783 830 eo
807 735 968 847 q'uoque
992 753 1156 852 propria
1174 741 1304 830 orarii
1326 753 1472 830 fabrica
1488 754 1530 829 dr
1553 741 1685 849 figura
1708 747 1952 850 dijudicanda
1974 752 2051 826 est:
2090 773 2176 846 quo·

500 878 605 950 uiam
620 886 751 952 autern
772 877 822 953 de
841 879 928 962 illo,
961 871 1411 976 omnibusquereliquis
1437 884 1565 956 ovarii
1583 873 1858 955 affestionibus
1872 882 2003 977 aptius
2024 877 2176 963 dicetur,

499 1024 590 1075 cum
618 1002 667 1077 de
694 1013 853 1078 maturo
874 1003 1004 1079 frut‘tu
1028 1006 1158 1080 sermo
1178 1009 1275 1090 erit3
1310 1007 1407 1082 nihil
1431 1008 1520 1082 heic
1542 1008 1591 1082 de
1616 1001 1757 1082 ovar'io
1777 1007 1858 1105 ipio
1880 1005 2085 1090 addemus,
2117 1005 2176 1078 nili

498 1127 605 1220 quod
639 1127 765 1203 altera
790 1126 877 1225 ejus
909 1133 1118 1231 periodus,
1170 1134 1209 1205 in
1236 1134 1496 1235 ‹arpologicis
1521 1125 1856 1227 disquisitionibus
1879 1135 2040 1205 minime
2066 1132 2176 1226 negli-

499 1255 648 1347 genda,
678 1255 741 1330 sed
757 1247 899 1356 ¹potius
924 1267 1061 1331 curate
1081 1258 1285 1333 scrutanda
1300 1258 1361 1342 tit,
1395 1260 1553 1353 quando
1573 1245 1986 1355 naturalempartium
2006 1259 2116 1332 litum
2131 1268 2176 1330 at·

499 1397 577 1472 que
601 1400 815 1456 numerum
836 1381 943 1457 noil'e
960 1382 1143 1469 interest,
1179 1386 1271 1479 quia
1290 1387 1377 1460 haec
1391 1408 1466 1483 per
1479 1388 1748 1459 maturitatem
1769 1385 1870 1512 saepe
1892 1383 2112 1458 alterantur
2128 1392 2177 1457 at·

404 1600 406 1603 y
498 1513 578 1597 que
594 1508 845 1592 minuuntur,
870 1508 965 1584 dum
985 1512 1138 1606 reliqua
1159 1515 1292 1586 omnia
1309 1522 1510 1606 augentur
1532 1511 1571 1586 δι
1590 1518 1792 1586 crescunt.

402 1703 411 1718 ’
528 1758 533 1769 ·
595 1711 640 1794 St
625 1714 737 1808 mulus
754 1720 832 1812 qui
854 1727 896 1793 et
921 1715 1019 1796 Tubu
1038 1717 1201 1807 dieitur,
1223 1720 1283 1796 est
1300 1742 1395 1819 pars
1421 1723 1526 1796 inter
1542 1720 1681 1815 stigma
1694 1729 1736 1795 et
1748 1740 1933 1796 ovarrum
1950 1717 2097 1803 media,
2120 1739 2176 1793 cu

492 1809 562 1934 jus
578 1863 657 1938 ope
674 1844 859 1935 genitura
872 1843 1045 1930 mascula
1066 1846 1115 1920 ad
1136 1844 1351 1922 ovulorum
1372 1847 1499 1924 sedem
1515 1845 1709 1926 defertur
1769 1843 1864 1919 Non
1879 1843 1937 1919 est
1951 1842 2109 1920 feminei
2124 1868 2176 1943 ap

458 1987 460 1992 ’
498 1975 662 2064 paratus
682 1990 779 2066 pars
798 1971 1000 2057 constans,
1025 1993 1115 2045 nam
1130 1973 1274 2071 saepius
1291 1973 1442 2056 deficit,
1477 1972 1634 2067 quando
1651 1971 1728 2050 scil.
1749 1969 1888 2064 stigma
1902 1970 2025 2046 seffile
2042 1970 2112 2057 est,
2140 1979 2177 2046 ut

498 2092 541 2168 in
559 2089 825 2188 Mangoltana
845 2096 886 2171 dr
909 2096 1139 2195 Papavere;
1176 2108 1244 2172 aut
1261 2098 1418 2193 quando
1434 2098 1557 2175 ovula
1578 2099 1625 2174 ab
1652 2097 1734 2195 ipso
1752 2105 1871 2170 utero
1891 2096 2176 2190 foecundantur,

497 2221 600 2292 utin
616 2215 880 2318 Aphroditia:
905 2224 997 2300 licet
1019 2226 1138 2298 etiam
1158 2226 1198 2296 in
1218 2225 1280 2300 his
1299 2245 1587 2320 nonnunquam
1605 2223 1698 2319 styli
1719 2224 2009 2299 imitamentum
2026 2223 2126 2308 adfrt
2140 2233 2177 2297 ut

497 2343 537 2415 in
554 2342 712 2421 Muscis
731 2347 772 2422 dr
791 2347 1137 2447 Jungermanniis,
1170 2349 1277 2444 quod
1291 2362 1426 2426 autem
1444 2372 1601 2425 merum
1624 2348 1820 2448 calyptrae
1835 2351 2095 2425 retinaculum
2110 2348 2175 2433 est,

408 2570 418 2592 .-
496 2469 642 2546 nescii
661 2471 728 2548 illa
743 2468 850 2569 justo
881 2478 998 2553 citius
1015 2473 1165 2552 defluat
1184 2474 1226 2550 dc
1248 2480 1513 2553 tenerrimum
1542 2478 1726 2555 ovarium
1760 2477 1861 2550 a‘e'ris
1885 2471 2043 2572 injuriis
2064 2498 2176 2575 expo·

405 2591 427 2611 ”
493 2606 627 2732 natur.

498 2868 505 2876 1
593 2775 722 2862 Ortus
741 2748 834 2880 styli
851 2794 1093 2892 apparenter
1112 2787 1282 2887 duplext
1314 2785 1414 2866 alter
1429 2810 1484 2863 ex
1499 2790 1663 2887 propria
1679 2788 1807 2865 ovarii
1827 2785 2053 2873 substantia,
2090 2719 2175 2861 alter

497 2927 551 2986 ex
575 2908 783 2984 substantia
803 2912 1041 3010 receptaculi
1064 2912 1218 2990 fruetus
1240 2915 1511 3014 proficiscens
1569 2914 1691 2988 Prior
1715 2916 1894 2988 omnium
1927 2907 2175 3010 frequentiffi

492 3052 607 3117 mus3
644 3035 841 3132 posterior
861 3046 994 3146 autem
1017 3039 1165 3123 rarior,
1198 3038 1237 3116 δι
1255 3041 1318 3114 hic
1335 3041 1414 3138 ipse
1442 3041 1588 3114 iterum
1609 3040 1760 3136 duplex
1782 3039 1849 3116 est.
1899 3037 1989 3114 Aut
2008 3048 2108 3117 enim
2131 3058 2176 3110 ex

496 3160 748 3257 receptaculo
774 3163 968 3254 oriundus
988 3163 1118 3261 stylus
1146 3167 1283 3240 intime
1312 3187 1403 3239 curu
1425 3167 1567 3240 ovario
1592 3167 1730 3240 unitur
1758 3176 1800 3239 et
1817 3167 2077 3240 indiscretum
2100 3183 2176 3238 curu

495 3309 545 3362 eo
569 3283 693 3360 efficit
707 3309 875 3386 corpus:
899 3301 947 3365 ut
962 3292 1003 3365 in
1018 3287 1318 3386 Leguruinofis,
1346 3287 1553 3387 Siliquoiis
1570 3299 1612 3365 et
1632 3290 2027 3388 Multicapsularibus
2050 3289 2175 3366 variis:

495 3407 584 3487 Aut
610 3412 677 3487 ille
697 3413 834 3488 saltem
859 3415 952 3489 huic
971 3419 1167 3492 accumbit
1186 3426 1229 3491 et
1248 3418 1459 3495 discretam
1486 3441 1509 3491 a
1535 3428 1694 3492 maturo
1718 3419 1862 3493 ovario
1880 3415 2082 3491 constituit
2102 3433 2174 3512 par·

492 3544 600 3611 tem:
633 3541 712 3613 ut
702 3562 742 3613 m
762 3517 1002 3642 Malvaceis,
1036 3541 1304 3641 Asperifoliis,
1335 3542 1596 3620 Verticillatis
1618 3541 1824 3628 etalii&
1814 3565 1855 3617 rn
1874 3543 2020 3638 quibus
2040 3542 2176 3637 stylus

495 3660 610 3742 timul
624 3686 790 3760 quoque
811 3669 1050 3767 receptaculi
1071 3671 1294 3744 communis
1319 3672 1428 3748 vices
1448 3670 1559 3745 subit

594 3869 706 3948 Situs
734 3874 873 3959 etiam,
917 3874 1045 3950 strir‘te
1067 3878 1288 3972 loquendo,
1337 3879 1490 3954 nonniil
1509 3879 1661 3977 duplex
1685 3877 1759 3965 est,
1795 3877 1856 3953 sed
1883 3900 1938 3951 ex
1961 3865 2176 3976 apparentia

491 3971 650 4100 triplex
668 3999 861 4075 censetur.
923 4001 1150 4087 Terminalis,
1182 4005 1455 4080 cumemedro
1471 4029 1599 4082 ovaru
1614 4008 1765 4082 vertice
1786 3983 1937 4104 prodit,
1964 4016 2010 4076 ut
2029 4025 2065 4075 nr
2080 3995 2175 4073 Ana

498 4125 640 4219 gallide
660 4135 702 4198 et
719 4128 841 4220 longe
865 4127 1048 4225 plurimis
1069 4133 1168 4206 aliis
1224 4129 1293 4206 Lat
1294 4130 1415 4215 erclis,
1443 4154 1534 4205 cum
1553 4131 1682 4228 stylus
1700 4131 1765 4207 uel
1787 4132 1956 4212 solutus,
1984 4129 2051 4204 vel
2073 4124 2175 4199 adna·
2248 4149 2249 4178 2

442 4243 451 4264 ‘
497 4261 582 4333 tus,
616 4251 826 4325 secundum
844 4254 1128 4347 longitudinem
1151 4261 1281 4334 ovarii
1297 4257 1490 4341 decurrit,
1517 4269 1563 4332 ut
1579 4263 1617 4330 in
1639 4249 2174 4353 LeguminolisetGeraniis·
2248 4241 2249 4244 ’

498 4373 689 4483 Baſsaris,
723 4377 880 4473 quando
897 4379 1045 4476 stylus,
1080 4391 1216 4456 cetera
1232 4383 1405 4476 undique
1420 4382 1537 4465 liber,
1571 4387 1713 4459 ovario
1730 4405 1857 4481 prope
1882 4380 1986 4456 basin
2008 4380 2108 4454 suam
2125 4376 2174 4445 in·

500 4509 631 4584 sertus
648 4504 725 4590 est,
753 4515 799 4581 ut
821 4508 861 4579 in
878 4505 1089 4606 Fragaria,
1113 4507 1305 4592 Hirtella,
1331 4500 1540 4601 Weigela,
1570 4510 1885 4608 pauciffimisque
1905 4508 2001 4583 aliis

591 4712 769 4791 'Fabriea
793 4724 835 4789 et
851 4718 1009 4792 interna
1024 4715 1241 4803 structura,
1277 4740 1369 4792 cum
1390 4715 1550 4812 origiue
1569 4743 1624 4794 ex
1638 4722 1769 4796 orarii
1794 4721 1818 4792 l.
1841 4717 2082 4816 receptaculi
2101 4709 2173 4788 sub·

498 4843 640 4920 {tantia
664 4853 911 4936 congruunt:
955 4845 1045 4920 inde
1067 4846 1173 4919 enim
1190 4845 1358 4918 cuticula
1387 4855 1429 4920 et
1448 4846 1719 4943 parenchyma
1743 4854 1786 4918 et
1817 4848 1893 4943 ipsa
1917 4866 2075 4937 quoque
2097 4832 2174 4912 vasi

499 4968 746 5070 procedunt,
789 4972 936 5064 quinus
960 4981 1044 5046 tota
1062 4972 1155 5068 styli
1170 4974 1399 5066 'integratur
1427 4994 1653 5072 compages.
1728 4966 1917 5071 Inprimis
1941 4967 2070 5043 autern
2096 4956 2174 5035 vala

2071 5088 2174 5164 habet
