4567 5959
509 534 649 587 11,-
1210 520 1517 572 Ε

603 725 791 816 orariam,
820 722 1148 798 Maternum
1169 722 1318 805 Utetur,
1341 722 1382 797 δι
1404 719 1622 795 me
1647 720 1739 796 satis
1755 723 1976 820 improprio
1991 717 2184 796 Germeadi·

503 852 628 936 tium,
659 852 983 950 conceptaculum
1002 848 1077 932 est,
1116 850 1224 940 quod
1245 848 1348 944 stylo
1370 861 1490 942 atque
1515 847 1684 942 stigmati
1702 872 1777 944 pro
1794 847 1887 941 bali,
1920 848 2054 922 ovulis
2067 858 2183 922 autem

502 1001 580 1078 pro
601 978 814 1052 involucro
834 977 1017 1066 inservit,
1048 998 1176 1070 eaque
1200 977 1247 1050 ad
1274 978 1433 1074 plenam
1451 995 1580 1066 usque
1606 977 1877 1047 maturitatem
1904 972 2011 1046 suam
2033 971 2186 1047 fovet&

503 1101 790 1203 complectitur.
850 1100 1078 1176 Ellentialis
1102 1102 1333 1195 genitalium
1353 1101 1621 1176 femineorum
1650 1120 1746 1197 pars
1770 1098 1846 1190 est,
1887 1121 1978 1192 quae
1997 1120 2186 1192 nunquam

503 1230 677 1314 deficiat,
703 1228 892 1323 liquidem
910 1232 949 1301 in
966 1230 1152 1304 universo
1175 1252 1302 1323 regno
1322 1224 1529 1321 vegetabili
1551 1227 1707 1299 nullum
1731 1226 1928 1300 habeatur
1940 1225 2051 1300 ovuli
2068 1226 2113 1297 ab
2131 1224 2187 1296 im·

504 1357 675 1433 mediato
703 1357 907 1454 spermatis
930 1351 1118 1429 contattu
1140 1353 1325 1428 &extra
1342 1365 1500 1428 uterum
1528 1351 1747 1425 foecundati
1778 1351 2037 1450 exemplum,
2077 1348 2188 1443 qualia

504 1484 545 1556 in
564 1481 691 1558 Ranis
712 1481 751 1556 dc
773 1479 952 1555 Piscibus
972 1479 1164 1578 prostant
1214 1477 1386 1577 Semper
1406 1481 1512 1552 enim
1538 1483 1725 1571 genitura
1741 1479 1933 1560 mascula,
1967 1476 2187 1551 fiextrinle·

470 1625 476 1633 ‘
504 1629 577 1682 cus
596 1607 774 1698 advenit,
801 1629 876 1703 per
895 1609 1081 1704 proprias
1099 1606 1293 1700 quasdam
1317 1608 1424 1688 vias,
1462 1606 1508 1679 ad
1527 1604 1696 1678 ovulum
1722 1605 1945 1698 vegetabile
1972 1603 2187 1683 deducitur,

504 1733 545 1808 oc
569 1733 637 1809 vel
661 1735 699 1805 in
720 1731 811 1829 iplis
835 1731 886 1805 iic
907 1729 1019 1806 dictis
1041 1732 1253 1805 seminibus
1276 1732 1411 1812 nudis,
1454 1731 1682 1804 constanter
1706 1743 1845 1828 partes
1867 1730 2051 1824 quaedam
2073 1741 2189 1801 exter·

505 1881 572 1934 nae
590 1861 867 1957 reperiuntur,
911 1854 1125 1953 quaeartle
1144 1879 1233 1930 cum
1260 1856 1478 1931 eorundem
1498 1861 1779 1951 integumento
1797 1879 2014 1936 connexae,
2056 1855 2190 1952 sperma

506 1986 724 2082 recipiunt,
762 1982 860 2058 illud
884 1983 932 2057 ad
950 1985 1141 2057 interiora
1157 1981 1361 2073 deferunt,
1399 1993 1519 2076 atque
1550 1982 1603 2055 lic
1622 1986 1711 2056 veri
1735 1986 1838 2057 uteri
1863 1979 2191 2081 praestantofficia

506 2109 617 2203 Hinc
638 2132 765 2184 ovum
786 2110 1009 2204 vegetabile
1036 2109 1188 2183 nudum
1214 2108 1316 2190 dari,
1360 2108 1535 2182 absolute
1562 2129 1776 2200 negamus,
1822 2108 1895 2182 etfi
1928 2108 2190 2187 concedamus.

507 2234 616 2338 poll'e
637 2249 749 2310 certo
769 2231 948 2335 respe&u
966 2234 1052 2312 dari
1069 2235 1216 2311 semina
1235 2233 1360 2309 nuda:
1385 2245 1432 2309 ut
1445 2233 1515 2308 suo
1529 2234 1690 2332 plenius
1706 2235 1860 2308 dicetur
1877 2235 1981 2311 loco.

605 2447 755 2526 Ortum
781 2452 910 2525 ovarii
928 2449 1056 2546 vulgo
1086 2448 1272 2524 medullae
1293 2449 1519 2548 plantarum
1537 2450 1742 2532 tribuunt,
1775 2448 1816 2523 u
1844 2448 2001 2543 quidem
2028 2469 2107 2522 non
2133 2443 2192 2526 illi,

507 2599 601 2674 quae
625 2578 757 2650 carnis
775 2577 892 2652 etiam
912 2576 1147 2671 vegetabilis
1167 2579 1329 2651 nomine
1352 2578 1483 2659 venit,
1508 2574 1573 2649 sed
1595 2575 1793 2650 cellulosae
1813 2574 1892 2659 isti,
1916 2598 2010 2668 quae
2026 2577 2064 2648 in
2085 2569 2193 2646 media

508 2702 698 2778 trunci&
718 2723 921 2775 ramorum
940 2701 1071 2776 lueret
1086 2700 1224 2777 fistula.
1273 2698 1503 2800 Opinantur
1523 2725 1686 2800 nempe,
1713 2703 1871 2774 interna
1888 2702 2113 2800 plantarum
2124 2698 2193 2771 vis·

510 2852 601 2904 cera
621 2831 675 2902 ita
697 2830 737 2901 in
759 2836 896 2924 partes
920 2825 1037 2901 floris
1056 2827 1269 2924 explicari,
1306 2838 1354 2900 ut
1379 2826 1446 2900 iibi
1469 2839 1610 2902 mutuo
1630 2829 1744 2904 &ex
1766 2829 1908 2903 ordine
1930 2826 2193 2925 respondeant,

509 2963 631 3048 atque
657 2949 777 3048 calyx
798 2975 821 3026 e
845 2955 1014 3037 cortice,
1046 2954 1198 3028 corolla
1217 2977 1271 3026 ex
1290 2953 1477 3045 alburno,
1509 2952 1673 3030 stamina
1702 2937 1726 3028 e
1749 2956 1876 3048 ligno,
1908 2953 1947 3028 δι
1973 2953 2195 3051 pisteilume

511 3080 677 3155 centrali
700 3078 870 3154 medulla
890 3089 1119 3164 enascatur,
1154 3082 1245 3182 quia
1263 3078 1359 3153 situs
1376 3083 1567 3176 partium,
1601 3091 1649 3153 ut
1669 3080 1760 3156 vult
1781 3079 2037 3155 Lrnnmus
2062 3072 2144 3174 (1.)
2166 3068 2196 3142 id

511 3209 566 3282 ita
587 3213 736 3302 poscat
784 3200 865 3279 Sed
885 3203 975 3279 istas
993 3203 1167 3279 habenas
1188 3202 1381 3279 Naturam
1399 3227 1481 3279 non
1506 3205 1665 3292 audire,
1685 3202 1768 3301 jam
1786 3207 1902 3304 supra
1917 3203 2116 3280 occasione
2130 3197 2195 3273 ori·
2253 3257 2254 3282 ,

512 3332 618 3426 ginis
640 3328 849 3405 staminum
874 3331 1121 3413 monuimus3
1161 3328 1201 3403 dc
1220 3333 1465 3405 contrarium
1494 3352 1656 3426 quoque
1677 3333 1743 3409 vel
1767 3356 1822 3408 ex
1844 3332 1923 3407 sola
1937 3330 2086 3405 florum
2104 3348 2197 3419 quo·

512 3456 682 3531 rundam
703 3453 1012 3553 compositorum
1037 3451 1232 3529 structura
1250 3456 1406 3530 abunde
1426 3457 1633 3532 elucescit:
1664 3458 1825 3553 ,quando
1846 3458 1922 3532 scil.
1943 3460 1981 3530 in
2001 3455 2125 3533 medio
2141 3475 2196 3525 eo-

512 3604 604 3657 rum
627 3580 736 3656 disco
757 3581 859 3680 saepe
883 3581 1009 3657 flores
1025 3581 1225 3656 masculos
1242 3563 1423 3667 ileriieS,
1459 3583 1596 3678 calyce
1615 3594 1747 3658 tamen
1769 3585 1808 3660 δι
1833 3584 2030 3658 corollula
2056 3582 2197 3654 dotatos

512 3705 867 3805 deprehendimus,
892 3705 986 3780 dum
1008 3718 1148 3780 contra
1162 3707 1332 3783 feminea
1348 3712 1487 3786 ovaria
1508 3709 1675 3807 prorsus
1689 3710 1804 3792 nuda,
1829 3712 1868 3781 in
1889 3709 2115 3808 peripheria
2131 3700 2197 3777 col·

511 3831 640 3906 locata
655 3830 747 3917 lint,
786 3830 897 3905 secus
917 3854 963 3903 ac
985 3854 1042 3906 ex
1057 3833 1260 3908 viscerum
1277 3834 1349 3909 situ
1365 3837 1532 3909 evenire
1554 3834 1717 3911 deberet
1733 3849 1803 3908 aut
1815 3834 1964 3933 pollet,
1996 3834 2026 3908 fi
2047 3833 2111 3909 ista
2130 3827 2200 3924 qul·

501 3957 603 4030 dem
626 3956 826 4049 regularis
846 3958 1018 4053 partium
1044 3959 1376 4057 rnetamorphoiis
1398 3959 1478 4033 ullo
1500 3960 1620 4034 modo
1647 3965 1686 4034 in
1717 3962 1889 4038 veritate
1915 3958 2079 4035 fundata
2109 3952 2197 4034 elset

514 4081 670 4178 Deinde
689 4085 808 4156 etiam
835 4091 878 4155 et
904 4082 970 4157 vel
993 4085 1167 4158 maxime
1187 4083 1399 4182 hypothesi
1421 4086 1476 4166 illi
1502 4086 1646 4170 obstat,
1681 4086 1790 4180 quod
1815 4085 2004 4160 centralis
2025 4079 2199 4160 medulla

513 4207 612 4282 adeo
639 4209 747 4281 omni
770 4204 929 4304 plastica
960 4209 1114 4282 virtute
1136 4209 1321 4285 destituta
1343 4209 1407 4296 fit,
1441 4221 1487 4284 ut
1505 4233 1557 4285 ne
1575 4214 1830 4310 propriarum
1857 4213 2018 4307 quidem
2044 4208 2201 4310 partium

515 4331 671 4406 suarum
687 4321 877 4425 jacturam
894 4354 1103 4430 reparare,
1131 4337 1258 4410 multo
1273 4338 1406 4409 minus
1425 4346 1558 4410 autem
1573 4359 1701 4412 novas
1716 4338 1873 4413 struere
1894 4337 2031 4437 poffit3
2056 4334 2095 4410 δι
2109 4323 2200 4426 quod

516 4459 557 4529 in
581 4454 799 4532 novistimis
820 4456 1003 4552 surculis,
1042 4461 1149 4535 unde
1174 4461 1414 4559 plerumque
1437 4460 1563 4537 flores
1591 4475 1824 4557 emergunt,
1878 4484 2082 4556 nunquam
2103 4454 2200 4533 adfit,

516 4580 579 4656 sed
603 4581 691 4656 sero
712 4581 870 4658 demum
890 4605 921 4660 e.
935 4584 1044 4677 ligno
1070 4583 1151 4681 (a)
1177 4587 1462 4682 subnascaturzj
1486 4599 1533 4662 ut
1551 4599 1773 4674 taceamus,
1805 4588 1912 4683 quod
1931 4591 2059 4664 variae
2071 4588 2199 4662 dentur

515 4708 681 4807 plantae,
714 4708 918 4801 inquibus
934 4708 1137 4792 medullae,
1168 4706 1299 4784 stricte
1318 4710 1372 4785 fic
1394 4710 1530 4798 ditlae,
1562 4716 1717 4789 nullum
1738 4713 1835 4790 adiit
1849 4714 2077 4807 vestigium
2107 4700 2201 4805 quod

516 4836 556 4907 in
580 4834 759 4933 diphytis
783 4836 975 4918 maribus,
1012 4833 1169 4934 copiosa
1186 4836 1280 4910 licet
1301 4838 1472 4915 medulla
1491 4837 1719 4925 instruitis,
1744 4803 1903 4920 nullum
1926 4861 2099 4934 unquam
2117 4852 2199 4933 pr⁰⁴

1871 4963 1878 4979 ‘
2120 4958 2199 5034 deat

555 5115 604 5196 r.)
626 5109 736 5177 Philos.
748 5111 813 5175 bot.
827 5132 857 5196 p.
870 5124 918 5196 52.
940 5113 1012 5186 syc
1028 5126 1089 5177 nat.
1103 5132 1129 5176 2.
1146 5134 1176 5200 p.
1191 5122 1259 5187 μό.
1393 5065 1397 5069 ⁴
1485 5120 1540 5202 a)
1561 5122 1660 5183 Huc.
1680 5115 1872 5207 verecjrylt.
1891 5139 1922 5206 p.
1943 5140 1985 5184 nr.
1997 5135 2055 5196 154
