4567 5959
791 496 1096 552 ω
1648 506 1795 561 Lxxxi

102 709 241 782 terma,
267 694 528 794 campanula,
554 693 767 796 Papaver3
793 697 832 774 dr
854 702 972 776 unico
1000 702 1037 774 iii
1062 701 1140 800 ipsa
1163 700 1265 776 basi:
1291 700 1546 784 Momordica
1576 710 1793 802 Elaterium,

102 824 335 923 Asperifoliae
352 825 485 899 variae.

184 1030 429 1104 Dehiscentia
450 1039 584 1104 autem
605 1033 766 1108 valvata
783 1032 965 1129 pluribus
981 1031 1110 1107 modis
1130 1030 1287 1117 differt,
1313 1034 1364 1109 ob
1380 1041 1534 1116 variam
1553 1042 1791 1120 divisionum

101 1153 360 1238 diretiionein,
387 1155 682 1242 extensionem,
709 1156 825 1232 situm
841 1167 961 1252 atque
976 1180 1206 1234 numerum.

181 1365 328 1440 Divisio
349 1363 646 1460 longitudinaiis
671 1370 851 1442 omnium
872 1366 1209 1462 frequentissima,
1235 1371 1275 1446 &
1300 1373 1369 1447 vel
1390 1373 1603 1474 compieta,
1641 1378 1709 1453 vel
1731 1381 1791 1451 in·

99 1493 274 1589 completa
288 1491 357 1566 est.
407 1492 496 1576 lisa,
523 1497 709 1569 avertice
725 1493 771 1566 ad
791 1492 894 1566 basin
910 1493 1105 1577 decurrit,
1129 1503 1177 1567 ut
1201 1498 1241 1568 in
1259 1495 1366 1571 Lilio
1381 1498 1420 1574 ὅ(
1439 1504 1660 1578 innumeris
1685 1505 1788 1579 aliis:

97 1616 324 1714 incompleta
344 1642 465 1710 vero,
495 1640 603 1692 nunc
619 1621 667 1693 ad
688 1620 861 1693 medium
879 1619 1012 1692 saitem
1040 1621 1274 1695 extenditur
1298 1623 1483 1710 dorsum,
1519 1639 1565 1700 ut
1590 1631 1629 1700 in
1656 1628 1789 1724 Arge·

96 1768 216 1828 mone,
241 1743 432 1826 Loeseiia,
457 1724 788 1844 Chrysospieiiio:
815 1748 883 1839 qui
898 1741 1051 1818 frustiis
1064 1742 1574 1848 sarnicolootiappeilantur3
1602 1776 1788 1830 nuncau-

96 1879 164 1944 tem
187 1875 256 1946 vix
282 1871 389 1945 infra
410 1874 559 1970 apicem
581 1875 822 1971 porrigitur,
848 1880 894 1944 ut
919 1872 958 1941 in
988 1869 1237 1959 Aiidrosace,
1267 1874 1446 1950 Primula
1472 1876 1513 1951 de
1544 1876 1790 1972 Lychnideis

97 2002 223 2075 variis:
247 2009 372 2094 atque
393 2001 434 2071 hi
453 1996 609 2072 fruetus
629 1992 784 2073 dentibus
804 1996 940 2102 saltem
967 1996 1163 2074 dehiscere
1190 1998 1388 2104 dicuntur.
1440 2001 1731 2082 Transversalis
1765 2010 1790 2082 1.

96 2125 342 2200 horizontalis
359 2124 515 2216 divifio,
541 2126 721 2222 apprime
736 2145 827 2195 rara
842 2121 918 2204 est,
946 2121 985 2196 dc
1002 2123 1072 2196 vel
1087 2127 1124 2196 in
1142 2122 1335 2200 frustibus
1355 2128 1580 2234 circumsriffir
1596 2135 1790 2226 occurrit,

97 2253 151 2342 qui
172 2252 240 2324 scil.
258 2256 295 2324 iii
317 2251 415 2325 duas
431 2252 614 2326 valvuias
631 2249 787 2349 patulas
807 2247 1114 2321 horizontaiitei·
1136 2250 1362 2336 dehiscunt,
1388 2266 1434 2326 ut
1455 2257 1493 2326 in
1515 2255 1789 2342 Centuiieulo,

96 2374 337 2473 Anagaiiide,
362 2378 594 2460 Portulaca3
621 2373 687 2451 vel
704 2378 744 2447 in
762 2371 961 2449 articulatis
982 2372 1176 2448 frutiibus
1195 2375 1526 2472 deprehenditur,
1553 2385 1621 2475 qui
1642 2385 1680 2455 in
1697 2406 1789 2480 pro-

97 2507 169 2598 pria
189 2506 381 2579 seminum
405 2502 685 2600 conceptacula
716 2499 842 2608 clausa
876 2500 1139 2576 transversim
1167 2500 1368 2595 secedunt,
1406 2509 1518 2580 utin
1549 2507 1783 2603 Hedysaro,

98 2626 297 2740 Hypecoo,
329 2627 684 2726 Aeschynomene,
713 2626 931 2704 Coronilla.
1681 2635 1689 2646 “

138 2893 142 2900 -
177 2839 310 2917 Locus
346 2839 575 2923 divisionis,
607 2845 760 2938 praeter
789 2835 908 2911 modo
933 2833 1086 2920 ainos,
1130 2843 1353 2931 generatim
1385 2843 1537 2942 duplex
1566 2844 1787 2918 notandus:

98 2983 221 3064 nempe
242 2967 348 3044 aiter
365 2971 406 3041 in
421 2975 589 3050 ventre,
616 2965 655 3039 δι
672 2965 773 3038 aiter
791 2966 831 3036 iii
845 2962 960 3036 dorso
980 2959 1146 3039 fruitus,
1198 2966 1257 3039 Ita
1279 2970 1383 3042 enim
1401 2970 1516 3044 intror
1535 2995 1588 3043 um
1616 2970 1789 3045 dehisce-

97 3111 134 3162 re
146 3094 349 3178 dicuntur,
375 3097 442 3189 qui
458 3092 671 3167 secundum
686 3091 861 3165 suturam
875 3090 943 3162 axi
958 3089 1164 3165 obversam
1176 3098 1431 3192 aperiuntur,
1457 3094 1787 3193 utDelphinium,

97 3213 365 3303 Helleborum,
393 3217 646 3293 Colchicum:
672 3227 812 3291 contra
830 3239 931 3291 vero
949 3214 1145 3312 extrorsum
1167 3218 1364 3295 dehiscere
1390 3223 1625 3305 censentur,
1651 3226 1719 3315 qui
1745 3224 1786 3293 in

98 3339 195 3417 dorso
219 3346 463 3429 solvuntur,
489 3355 537 3422 ut
553 3341 716 3425 Oxaiis‚
743 3341 912 3438 Pymia,
940 3341 1135 3417 Hibiscus.
1186 3343 1334 3420 Utrum
1362 3370 1464 3421 vero
1487 3345 1683 3421 fruitusa
1712 3346 1788 3422 basi

96 3467 246 3556 sursum,
271 3485 321 3547 ut
342 3475 381 3545 in
403 3471 682 3566 Triglochine3
709 3490 811 3541 anne
833 3491 936 3544 vero
954 3471 1144 3544 avertice
1168 3469 1367 3556 deorsum,
1395 3477 1502 3547 utin
1525 3475 1706 3570 plurimis
1722 3497 1788 3546 re-

96 3597 216 3691 liquis,
241 3596 450 3674 dehiscat?
476 3600 514 3674 id
538 3596 686 3672 nuliius
704 3595 762 3670 est
783 3596 987 3669 momenti.

1012 3717 1017 3752 1

178 3811 388 3888 Numerus
405 3808 576 3903 denique
596 3803 829 3895 sectionum,
857 3771 997 3877 desinit
1015 3804 1125 3878 illum
1146 3808 1423 3890 valvularum,
1446 3806 1486 3880 ὃ(
1506 3810 1692 3900 quamvis
1704 3807 1789 3881 fru.

96 3929 169 4011 uis
182 3941 291 4037 apice
306 3939 444 4011 saltem
461 3938 502 4008 in
519 3936 658 4010 dentes
680 3931 849 4012 secedat,
875 3929 922 4002 ab
946 3951 1089 4004 eorum
1105 3942 1238 4008 tamen
1253 3987 1263 4020 ,
1289 3935 1387 4009 sicut
1405 3956 1428 4006 a
1451 3932 1704 4009 valvularum
1720 3955 1790 4006 nu·

97 4080 193 4136 mero
212 4065 361 4138 dicitur
381 4064 441 4138 uni
447 4058 588 4136 -hi-irr'
595 4057 740 4157 -quadri
746 4053 992 4131 -mulrivalvi'a

179 4272 373 4350 Valvusae
394 4274 486 4372 ipsae
510 4272 696 4346 omnibus
725 4270 803 4343 suis
823 4269 981 4346 dotibus
1004 4292 1094 4344 cum
1119 4265 1314 4343 fructibus
1341 4278 1589 4362 congruunt,
1616 4290 1791 4363 quorum

95 4414 177 4487 pars
194 4401 299 4484 sunt,
328 4400 369 4474 δι
393 4401 482 4475 inde
506 4399 651 4474 dantur
673 4398 1001 4480 membranaceae,
1028 4399 1242 4478 coriaeeae,
1277 4397 1569 4488 cartilagineae,
1609 4394 1792 4489 lignosae;

97 4539 230 4614 porro,
255 4526 422 4610 molles,
448 4526 608 4619 rigidae,
635 4524 825 4606 elasticae;
851 4523 1021 4617 denique
1037 4524 1188 4621 planae,
1214 4522 1357 4616 gibbae,
1383 4523 1655 4604 naviculares,
1680 4545 1793 4616 cym-

97 4642 332 4725 biformes&
355 4655 576 4745 generatim
595 4671 801 4732 concavae,
831 4671 923 4743 quae
944 4652 1121 4723 omnium
1140 4645 1465 4742 frequentissimae
1480 4648 1579 4722 sunt.
1631 4643 1793 4743 Specie-

96 4771 159 4844 tim
187 4781 356 4850 veroin
376 4777 564 4854 Valvulis
593 4774 895 4850 consideranda:
922 4771 1081 4871 dorsum,
1120 4774 1228 4868 quod
1249 4772 1451 4870 saepissime
1471 4793 1719 4861 convexum,
1751 4770 1792 4843 δι

98 4893 192 4976 haud
211 4925 326 4991 raro,
349 4905 457 4980 sulco
485 4898 759 5004 longitudinali
788 4902 1041 4999 inscriptum:
1068 4911 1205 4986 venter,
1231 4902 1299 4994 qui
1326 4896 1563 4996 pierumque
1588 4915 1795 4992 concavus

932 5027 949 5101 1
1221 5015 1223 5018 ’
1759 5019 1800 5092 &
