4567 5959
817 514 1127 570 m
1705 514 1822 568 xxm

125 717 250 792 habet
272 729 364 790 cum
385 717 526 792 ovario
544 717 791 800 communia,
848 741 973 814 eaque
988 722 1212 814 gracillima
1240 727 1283 793 et
1300 720 1513 797 secundum
1533 723 1823 817 longitudinem

127 842 226 939 styli
242 842 518 927 decurrentia,
568 851 688 936 atque
706 844 818 921 intus
836 845 950 934 scicco
969 846 1081 921 lento
1096 847 1298 929 scatentia,
1337 868 1458 940 quem
1470 848 1647 945 propriis
1667 852 1824 938 viribus

123 966 203 1067 (r)
235 968 466 1067 propellere
497 966 717 1065 polluntet
742 976 811 1066 qui
841 992 1131 1065 nonnunquam
1162 974 1202 1046 in
1227 972 1442 1068 particulas
1468 972 1624 1048 fovillae
1656 978 1823 1051 aemulas

125 1097 272 1173 secedit
296 1095 387 1187 (a),
417 1095 658 1188 regulariter
687 1116 788 1169 vero
817 1092 964 1169 fluidus
986 1095 1045 1171 est
1066 1097 1105 1172 dr
1127 1095 1319 1172 unstuoso
1347 1098 1537 1191 stigmatis
1566 1102 1709 1195 liquori
1742 1106 1821 1177 ori-

126 1226 262 1317 ginem
290 1222 473 1319 praebere
492 1241 536 1294 ac
556 1218 842 1296 foecurrdationi
863 1222 1055 1298 inservire
1075 1223 1247 1298 videtur.
1282 1224 1431 1298 Utrum
1446 1237 1596 1323 praeter
1615 1229 1702 1302 haec
1717 1252 1824 1304 com·

125 1351 265 1423 munia
288 1347 398 1430 vasa,
433 1339 552 1422 etiam
569 1345 642 1419 alia
662 1344 806 1429 adsmt,
840 1345 1107 1423 deserentium
1122 1353 1286 1425 nomine
1304 1351 1437 1445 digna,
1469 1356 1527 1424 uti
1547 1341 1823 1429 Koccncu·

126 1494 307 1551 rurus
342 1470 422 1569 (3)
448 1476 656 1571 opinatur,
693 1471 729 1545 id
752 1482 865 1547 certo
887 1495 969 1549 non
993 1474 1154 1572 conllac
1205 1475 1429 1552 Verisimile
1457 1479 1615 1571 quidem
1640 1479 1697 1556 est
1720 1477 1825 1576 ejus·

126 1601 239 1676 modi
261 1600 351 1674 vasa
368 1596 514 1678 adesse,
549 1618 674 1689 eaque
689 1620 712 1671 e
729 1600 877 1695 patulis
892 1598 1082 1693 stigmatis
1100 1600 1251 1676 ostiolis
1273 1602 1480 1697 multiplici
1502 1605 1697 1703 principio
1719 1617 1827 1691 orta,

126 1748 205 1825 per
232 1724 381 1822 stylum
408 1721 650 1798 descendere
669 1732 789 1817 alque
812 1707 975 1799 ultimis
991 1727 1069 1801 suis
1097 1726 1245 1801 finibus
1271 1727 1517 1822 umbilicales
1535 1729 1735 1807 funiculos
1767 1735 1826 1806 in·

128 1852 245 1947 gredi
272 1861 391 1944 atque
422 1851 474 1924 sic
498 1851 650 1947 sperma
669 1847 718 1922 ad
740 1849 958 1924 ovulorum
980 1851 1109 1928 sedem
1131 1851 1312 1927 deferre:
1350 1873 1441 1926 narn
1461 1855 1714 1932 cohaerentes
1736 1880 1827 1933 cum

129 1978 238 2074 stylo
261 1975 479 2058 funiculos,
514 1979 554 2048 in
583 1973 883 2068 Legionem,
915 1972 1121 2071 Siliquolis
1146 1977 1186 2053 dt
1206 1976 1308 2068 aliis,
1344 1978 1548 2056 manifeste
1574 1983 1759 2060 videmus
1789 1983 1857 2060 &-

128 2101 317 2179 dudtulos
342 2125 365 2175 a
389 2104 541 2175 summo
564 2099 742 2195 stigmate
757 2100 805 2175 rd
822 2103 944 2175 ovula
962 2103 1245 2187 decurrentes,
1273 2108 1436 2178 armatis
1452 2108 1579 2181 oculis
1607 2105 1829 2183 Gccrcus·

130 2251 238 2305 urus
265 2231 334 2323 (4)
360 2229 593 2325 prosecutus
606 2226 683 2312 esti
709 2226 773 2301 sed
795 2226 831 2299 id
853 2226 988 2314 officii,
1013 2229 1092 2325 ipsa
1107 2251 1269 2323 quoque
1287 2232 1512 2302 communia
1531 2231 1622 2306 vasa
1639 2235 1828 2330 praestare

129 2355 311 2456 possunt,
343 2352 524 2447 urgendo
540 2353 614 2425 scil..
629 2362 861 2428 contentum
879 2353 982 2424 intra
996 2351 1035 2426 se
1050 2354 1206 2427 laticem
1222 2353 1309 2427 aliis
1323 2356 1572 2450 temporibus
1591 2357 1758 2443 sursum,
1789 2371 1831 2464 et

131 2482 222 2558 aliis
246 2481 450 2556 deorsum:
478 2479 605 2572 qualis
629 2477 813 2553 vasorum
837 2473 938 2549 adlio
965 2478 1004 2549 in
1029 2477 1241 2572 vegetabili
1259 2480 1436 2553 maehina
1460 2484 1686 2576 neutiquam
1714 2485 1830 2558 inusi-

133 2620 218 2683 tata
235 2606 304 2681 est.
354 2604 548 2698 Quicquid
573 2614 705 2678 autem
726 2603 794 2686 lit,
828 2601 865 2675 id
888 2610 1045 2675 certum
1062 2602 1141 2688 est,
1172 2604 1279 2697 quod
1308 2603 1482 2681 distindta
1503 2608 1592 2683 vasa
1615 2608 1832 2686 deserentia

133 2732 315 2814 nondum
339 2729 604 2804 demonstrata
630 2727 721 2815 sint,
760 2735 880 2823 atq'ue
902 2727 981 2825 ipsa
1001 2733 1227 2803 communia
1251 2730 1342 2826 styli
1363 2733 1471 2822 vasa,
1509 2734 1650 2840 versus
1668 2736 1833 2812 inferio·

1 2853 3 2856 ’
135 2881 245 2952 rein,
275 2855 486 2949 ovulisque
501 2858 733 2953 propiorem
753 2858 1069 2948 extremitatem,
1113 2854 1285 2929 sormam
1311 2858 1415 2931 suam
1444 2858 1587 2956 saepius
1612 2872 1766 2938 exuant
1794 2864 1834 2939 δι

137 2986 179 3067 in
203 2983 339 3058 multis
368 2983 418 3055 ita
443 2982 730 3077 deliquescant,
767 2982 876 3053 utin
899 3003 1049 3054 meram
1075 2979 1194 3053 telam
1218 2981 1438 3057 cellulosam
1466 2984 1739 3062 resolvantur:
1789 2988 1834 3070 Id

137 3114 247 3208 enim
272 3132 355 3184 non
379 3110 504 3184 solum
525 3109 696 3183 ocularis
722 3103 907 3203 inspedtio
932 3107 973 3177 in
994 3106 1253 3203 receptaculis
1279 3108 1469 3183 seminum
1500 3110 1677 3206 fungosrs
1701 3114 1833 3201 docet,

135 3236 205 3337 sed
229 3235 266 3310 id
289 3236 354 3312 vel
380 3238 554 3308 maxime
580 3254 740 3327 quoque
768 3233 1094 3327 experimentum
1115 3233 1343 3320 confirmat,
1381 3241 1418 3310 in
1441 3236 1651 3335 Hyperico
1682 3240 1834 3314 iustitu-

138 3372 251 3455 tum,
279 3365 318 3435 in
336 3382 415 3456 quo
432 3360 507 3433 scil.
526 3360 659 3464 omnia
679 3356 819 3445 ovaia,
845 3357 963 3429 etiam
980 3378 1122 3429 eorum
1145 3355 1523 3447 loculamentorum,
1545 3386 1720 3470 quomam
1745 3366 1836 3463 styli

139 3489 335 3588 amputati
365 3495 499 3569 erant,
542 3507 617 3583 per
639 3479 884 3579 superstitem
910 3479 1048 3574 singuli
1071 3481 1328 3556 loculamenti
1355 3485 1501 3581 stylum
1533 3486 1626 3583 (ς),
1671 3479 1838 3594 suerunt

139 3611 385 3712 foecundata:
421 3610 527 3705 quod
550 3609 659 3685 nullo
679 3609 796 3683 modo
819 3609 905 3682 lieri
927 3606 1129 3704 potuisset,
1169 3607 1198 3680 s1
1225 3632 1247 3680 a
1273 3609 1463 3703 stigmatis
1483 3613 1630 3688 ostiolis
1658 3616 1704 3689 ad
1724 3620 1835 3691 ovuli

136 3739 423 3840 euerriculum,
449 3737 616 3835 simplex
632 3736 925 3810 &continuum
950 3733 1182 3809 decurreret
1201 3735 1421 3821 vasculum,
1449 3760 1522 3812 nec
1544 3741 1581 3811 in
1604 3741 1758 3814 seminis
1776 3765 1836 3816 re-

139 3864 345 3960 ceptaculo
367 3885 507 3962 omnes
529 3867 633 3937 inter
658 3865 695 3936 se
715 3859 866 3936 confusi
883 3859 1008 3932 essent
1028 3855 1215 3933 dustuum
1233 3862 1557 3959 spermaticorum
1576 3864 1691 3939 lines.
1730 3866 1840 3943 Hinc

136 4002 282 4086 aperte
299 3989 352 4059 illi
369 3963 577 4081 falluntur,
608 3992 675 4082 qui
698 3985 858 4085 pollinis
880 3995 950 4057 aut
970 3984 1120 4059 fovillae
1136 3989 1366 4084 particulas,
1392 3991 1503 4082 regia
1525 3988 1631 4083 quasi
1648 3996 1732 4078 via,
1765 4020 1839 4094 per

135 4117 289 4209 ‚stylum
311 4114 357 4186 ad
382 4114 503 4216 ovula
527 4115 700 4206 migrare
722 4112 888 4193 volunt3
918 4120 986 4182 aut
1007 4111 1074 4202 qui
1092 4121 1246 4185 meatus
1266 4114 1459 4207 quosdam
1480 4137 1602 4192 cavos
1617 4141 1662 4191 ac
1681 4123 1838 4208 inanes,

135 4242 284 4344 ‘quales
311 4240 626 4338 iri'paucioribus
651 4235 856 4310 nonnullis
881 4233 994 4331 stylis
1021 4237 1223 4320 videmus,
1249 4238 1309 4313 -ἂ
1333 4261 1451 4344 quos
1473 4243 1541 4316 vel
1573 4242 1679 4319 resta
1705 4248 1772 4318 via
1798 4248 1837 4319 in

82 4353 98 4380 ³
142 4369 356 4440 cavitatem
382 4357 740 4438 loculamentorum
766 4364 1018 4461 pertingere,
1062 4373 1109 4437 ut
1139 4365 1180 4437 in
1208 4363 1351 4463 Tulipa
1373 4365 1414 4443 ὃ(
1437 4364 1567 4454 Lilio,
1610 4370 1679 4445 vel
1702 4371 1836 4445 saltem
1878 4413 1879 4416 π

984 4485 1046 4560 fa
1717 4601 1720 4606 Α
1748 4495 1838 4591 styli

187 4733 235 4812 r.)
258 4734 427 4793 Hsnwrs.
449 4732 523 4791 liiii.
547 4750 639 4791 muse.
660 4724 762 4789 frond.
786 4745 808 4787 r.
830 4745 859 4810 p.
882 4743 928 4804 75.
1053 4685 1111 4809 4.)⁴
1129 4734 1188 4793 Dar
1210 4731 1323 4795 Neullc
1345 4733 1400 4791 dic.
1422 4750 1452 4814 p.
1466 4748 1513 4805 42.
1527 4729 1552 4792 r.
1570 4735 1603 4793 Α.
1623 4729 1645 4794 s.
1666 4748 1696 4810 7.
1712 4743 1738 4802 8.

187 4901 240 4977 ε.)
265 4900 472 4961 sociacus.
491 4894 674 4977 Vorlauffig.
697 4897 810 4960 Nachr.
832 4919 862 4981 p.
885 4913 912 4981 7.
1052 4900 1102 4983 ς.)
1123 4900 1330 4964 Koeiusur.
1352 4893 1506 4963 Vorlaeuff.
1525 4899 1638 4964 Naclir.
1649 4920 1680 4981 p.
1694 4920 1734 4962 ra.

187 5043 239 5121 3.)
261 5036 340 5098 ibid.
361 5059 390 5120 p.
413 5049 439 5107 8.
