4567 5959
534 521 671 586 mvl
1222 513 1534 584 Ε

530 737 650 815 nibus
666 727 796 813 visci,
820 719 1013 810 Randia,
1035 718 1412 824 Embryopteridis,
1434 719 1651 822 paucisque
1669 717 1767 804 allis
1822 714 2092 799 Lutescens'&
2105 727 2183 801 meli.

531 883 639 948 nus,
672 860 717 934 in
737 852 950 932 seminibus
964 849 1251 930 vomitionibus
1275 852 1439 928 minime¹
1459 846 1712 941 infrequens,
1746 848 1843 942 quin
1866 846 1905 922 &
1919 846 2045 926 slavus
2059 852 2094 923 in
2109 852 2183 927 Boo

530 990 659 1065 coniae
680 981 879 1060 albumine
900 987 1090 1078 repertus
1118 976 1188 1056 est.
1237 975 1417 1052 Luridns
1438 999 1538 1054 vero
1556 974 1598 1050 δι
1623 996 1777 1071 aqueo·
1793 975 1978 1070 glaucus,
2012 978 2183 1075 presertim

531 1107 986 1212 versusperipheriam,
1015 1102 1361 1188 inBermudiana,
1398 1101 1642 1188 Helleboro,
1673 1101 1910 1200 Delphinio,
1941 1102 2120 1202 Hypeooo
2136 1104 2184 1180 &o

528 1240 728 1324 occurrit;
756 1235 796 1312 δι
818 1234 989 1328 deniqne
1008 1231 1254 1308 rubicundus
1269 1241 1340 1308 aut
1357 1230 1598 1325 sanguineus
1619 1225 1738 1302 datur
1767 1231 1806 1301 in
1820 1227 1987 1305 Codone
2009 1240 2112 1324 atque
2128 1229 2184 1305 Pit·

525 1363 701 1467 tosporo.
750 1356 834 1437 Sed
854 1379 996 1438 omnes
1020 1358 1062 1433 hi
1089 1359 1270 1441 colores,
1304 1368 1459 1456 praeter
1490 1357 1617 1432 solum
1638 1353 1828 1440 viridem,
1864 1358 1912 1432 ab
1938 1380 2035 1452 aqua
2052 1358 2184 1433 breviin

526 1493 679 1577 album,
711 1508 885 1581 eumque
907 1487 976 1565 vel
997 1507 1168 1585 purum,
1203 1481 1271 1561 vel
1295 1485 1581 1583 pallescentem
1609 1491 1927 1570 convertuntur,
1966 1507 2081 1581 quare
2102 1477 2185 1560 etim

526 1617 610 1701 hio,
651 1613 680 1690 ll
700 1636 784 1692 non
802 1637 881 1717 pro
900 1612 1132 1697 universali,
1169 1619 1304 1687 tamen
1323 1633 1400 1711 pro
1419 1610 1663 1688 usitatissimo
1680 1605 1802 1708 nujus
1823 1614 1997 1689 visceris
2009 1611 2125 1686 colore
2139 1609 2185 1681 ha·

531 1742 686 1819 bendus
707 1745 797 1817 erit.
856 1793 862 1800 -

624 1906 740 1986 Odor
758 1907 931 2005 deniqne
947 1907 988 1986 tir
1006 1908 1122 2007 sapor
1140 1904 1189 1980 ab
1209 1903 1409 1981 albumine
1424 1905 1688 2006 utplurimum
1707 1908 1871 2006 penitus
1895 1907 2075 1992 exulant,
2103 1912 2186 1998 utque

525 2036 624 2113 adeo
649 2057 773 2135 pauca
796 2035 942 2112 dantur
962 2036 1107 2111 semina
1130 2032 1314 2118 odorata,
1340 2033 1469 2133 sapida
1490 2043 1609 2128 atque
1631 2036 1864 2119 aromatica,
1897 2043 1947 2109 ut
1960 2034 2043 2109 haec
2058 2029 2112 2109 vel
2127 2050 2186 2129 pm

522 2171 614 2264 pter
637 2162 757 2238 solam
772 2162 880 2239 suam
903 2159 1210 2255 infrequentiam
1239 2161 1372 2234 notari
1399 2169 1643 2235 mereantur.
1701 2159 1781 2236 His
1797 2159 2086 2237 annumeranda
2103 2155 2186 2254 inpri-

522 2291 598 2364 mis
621 2287 873 2363 suntsemina
899 2283 1148 2383 zingiberis,
1185 2281 1429 2384 Myristicae,
1464 2282 1678 2384 Xylopiae,
1712 2283 1892 2388 Piperis,
1918 2287 2028 2363 lllieii
2046 2285 2081 2360 δι
2102 2297 2187 2382 putu

522 2412 612 2497 alia,
637 2435 815 2507 quorum
831 2413 908 2489 scil.
927 2417 1063 2492 virtus
1084 2414 1125 2486 in
1144 2412 1227 2487 solo
1250 2413 1451 2486 albumine
1472 2389 1627 2489 residet
1672 2411 1808 2488 Etiam
1836 2408 2186 2493 interUmbeliiiens

519 2540 714 2638 nonnulla
747 2540 947 2616 habentur
969 2540 1117 2616 semina
1141 2536 1329 2625 odorata3
1370 2537 1436 2612 sed
1459 2540 1502 2612 in
1526 2539 1610 2634 his,
1642 2537 1737 2615 sons
1765 2539 1906 2618 odoris
1933 2565 1989 2618 ex
2013 2530 2186 2633 unguinolo

519 2665 690 2761 quodam
711 2663 868 2762 liquore
888 2664 1091 2765 proficisci
1123 2664 1304 2751 videtur,
1342 2668 1411 2761 qui
1440 2666 1574 2742 saltem
1604 2668 1711 2742 inter
1743 2667 1906 2742 seminis
1933 2669 2078 2743 tunicas
2096 2663 2186 2737 haeret

518 2802 639 2890 atque
656 2793 746 2876 suo,
772 2814 880 2867 nunc
902 2800 1036 2886 grato,
1073 2794 1114 2864 in
1136 2788 1281 2878 Aniso,
1308 2813 1416 2866 nunc
1437 2805 1571 2869 autem
1586 2793 1775 2869 nauseoso
1794 2792 1924 2868 odore
1944 2803 2057 2888 atque
2074 2791 2186 2888 sapore,

519 2936 566 2994 ut
588 2921 629 2993 in
650 2917 810 3002 Cicuta,
849 2917 1037 2993 albumen
1055 2918 1279 2994 extrinsece
1298 2927 1454 2994 tantum
1480 2921 1627 2996 inficit:
1669 2942 1795 3015 quare
1822 2919 1863 2995 δι
1892 2921 1997 2997 idem
2024 2913 2184 2994 decortiu
2234 2915 2235 2958 l

519 3051 607 3119 tum
635 3043 792 3142 semper
813 3041 1038 3119 debilius&
1060 3043 1258 3120 remiliius
1283 3045 1493 3123 odoratum
1514 3046 1583 3123 est.
1643 3045 1702 3121 Et
1722 3050 1774 3122 ita
1800 3069 1968 3144 quoque
1995 3039 2184 3121 notandum.

518 3167 627 3264 quod
648 3169 737 3243 uliae
757 3163 938 3264 ejusdem
952 3171 1116 3264 generis
1135 3171 1331 3245 naturalis
1346 3171 1495 3270 species
1514 3173 1659 3248 semina
1681 3174 1848 3248 odorata
1882 3173 1926 3249 &
1947 3181 2055 3270 grate
2070 3181 2184 3242 atomi·

518 3295 621 3379 tica,
646 3303 788 3368 contra
801 3315 905 3368 vero
921 3294 1011 3370 aliae
1026 3297 1191 3394 penitus
1206 3293 1367 3395 insipida
1387 3298 1525 3393 largiri
1543 3297 1714 3376 soleant:
1738 3300 1799 3375 uti
1821 3300 2057 3399 exemplum
2069 3295 2103 3365 in
2117 3284 2183 3380 lly-

518 3419 647 3498 ristica
667 3419 856 3505 habetur,
880 3415 994 3516 cujus
1014 3426 1163 3522 quippe
1178 3417 1258 3496 sola
1273 3424 1422 3522 species
1436 3421 1648 3500 officinalis
1666 3429 1882 3502 aromatica
1903 3423 2057 3525 profert
2068 3416 2183 3495 semim

517 3543 613 3625 dum
638 3548 680 3623 in
698 3546 866 3643 reliquis
888 3548 1074 3625 omnibus
1097 3570 1182 3625 non
1207 3548 1280 3623 nifi
1299 3550 1408 3626 fatua
1429 3552 1468 3629 δι
1488 3553 1657 3649 agrestis
1679 3553 1833 3654 saporis
1854 3548 2182 3654 deprehenduntur·

1168 3872 1434 3984 CAPVT
1468 3877 1557 3983 XI.

1322 4040 1420 4118 DE

1107 4164 1629 4247 VITELLO.

512 4370 707 4510 vitellus
722 4433 780 4511 est
802 4436 1100 4522 interaneorum
1124 4444 1287 4522 seminis
1305 4467 1401 4546 pars
1425 4449 1539 4522 varia
1560 4447 1978 4543 atque‘multisormis,
2008 4467 2091 4543 que
2105 4444 2181 4516 mter

512 4558 777 4655 embryonem
796 4572 916 4658 atque
939 4568 1125 4646 albumen
1145 4572 1275 4656 medio
1291 4574 1534 4671 plerumque
1557 4575 1647 4648 loco
1667 4574 1820 4675 polim,
1858 4576 1900 4652 ὅ(
1926 4601 1951 4652 a
1972 4561 2181 4670 cotyledoni·

511 4684 588 4760 bus
608 4685 776 4785 perinde
790 4710 835 4763 ac
852 4691 900 4766 ab
923 4693 1121 4776 albumine
1142 4699 1296 4780 diversa
1311 4702 1379 4779 eii
1440 4701 1481 4778 A
1503 4703 1681 4785 nemine,
1714 4702 1978 4795 quodsum,
2010 4694 2185 4802 proprium

508 4833 659 4890 nomen
678 4813 771 4890 huic
796 4819 936 4895 visceri
953 4822 1146 4903 hastenus
1172 4829 1305 4904 datum
1323 4831 1419 4913 sulm
1454 4832 1638 4925 quamvis
1662 4826 1939 4915 murman,
1970 4830 2179 4909 aliorumque

507 4942 713 5027 notitiam,
740 4946 963 5043 praesertim
982 4953 1022 5025 in
1036 4949 1316 5042 Graminibus,
1342 4980 1423 5034 non
1441 4959 1558 5057 plane
1572 4955 1775 5051 effugerit

2005 5071 2178 5169 Praecipua
