4567 5959
1203 499 1512 543 -Η

1059 716 1131 818 ν.)
1155 721 1401 792 extremitati
1428 718 1611 792 interiori
1635 716 1896 795 ho'rizont'ali:
1922 718 1962 790 in
1982 712 2185 816 Tulipa,&

1167 846 1388 919 innumeris
1409 848 1507 919 aliis.
1955 857 1956 860 ’

1064 968 1121 1064 δ.)
1146 974 1250 1070 parti
1276 972 1381 1044 inter
1399 975 1679 1048 extremitates
1704 973 1861 1046 mediae:
1888 974 1927 1044 in
1953 970 2090 1056 Glino,
2114 968 2185 1046 Me·

1170 1098 1546 1193 sembryantbemo,
1573 1098 1817 1182 Malvaceis,
1845 1097 1916 1172 &e

497 1258 562 1348 4⁰.
583 1248 800 1353 parietibus
819 1248 859 1324 δι
875 1250 1035 1328 seminis
1059 1247 1125 1347 α.)
1146 1253 1249 1349 parti
1263 1253 1517 1326 acuminatae:
1552 1254 1592 1326 in
1611 1247 1825 1335 Sarothra‚
1851 1248 2033 1345 Ascyro,
2058 1244 2186 1323 Cucur·

1165 1379 1337 1452 bitaceis.
1428 1441 1431 1448 .

1063 1505 1126 1598 β.)
1148 1507 1253 1606 parti
1282 1504 1456 1590 obtusae,
1501 1501 1647 1579 intacto
1677 1505 1836 1580 seminis
1862 1505 1994 1603 apice:
2026 1504 2066 1576 in
2090 1497 2187 1576 Gros-

1179 1631 1332 1708 sularia.
1547 1611 1549 1613 ’

1069 1759 1132 1851 ν.)
1155 1758 1271 1832 lateri
1299 1763 1403 1834 inter
1429 1769 1642 1854 utramque
1671 1759 1970 1833 extremitatem
1994 1755 2134 1830 medio:
2159 1755 2187 1825 in

1172 1882 1452 1980 Leguminosrs
1473 1886 1512 1959 ὃ(
1534 1880 1741 1979 Siliquofis
1756 1884 1892 1959 variis.

602 2065 722 2142 Hisce
740 2064 913 2142 vinculis
938 2067 1071 2141 semen
1096 2089 1186 2141 cum
1211 2067 1279 2142 suo
1308 2072 1532 2168 pericarpio
1553 2070 1691 2143 intime
1714 2066 1917 2148 cohaeret,
1944 2061 2071 2139 donec
2093 2060 2189 2137 occal·

504 2195 749 2271 lescentibus
772 2215 846 2291 per
868 2195 1139 2268 maturitatem
1163 2196 1343 2269 nutritiis
1370 2195 1610 2293 receptaculi
1631 2193 1753 2277 vasis,
1795 2192 1958 2265 funiculi
1982 2188 2189 2266 umbilicalis
2243 2171 2244 2264 f

503 2322 616 2396 filum
642 2320 921 2417 abrumpatur,
951 2326 1072 2412 atque
1093 2319 1240 2394 semina
1265 2315 1443 2415 suijuris
1467 2317 1567 2393 facta
1591 2321 1767 2415 undique
1790 2320 2027 2416 spargantur
2044 2341 2087 2392 ac
2109 2315 2190 2388 ulte·

503 2452 591 2525 rius
613 2448 727 2526 suurn
747 2448 1041 2522 nutrimentum
1060 2469 1083 2520 e
1102 2456 1227 2521 terrae
1246 2448 1402 2540 gremio
1432 2446 1628 2521 hauriant

1156 2735 1420 2843 CAPVT
1462 2735 1580 2842 VII.

1321 2958 1415 3040 DE

890 3136 1135 3223 SEMINE
1164 3141 1432 3221 MATVRO
1467 3141 1538 3220 IN
1571 3139 1840 3222 GENERE.

1146 3367 1588 3388 m*

513 3532 676 3671 Semen
705 3601 927 3680 maturum,
952 3616 1035 3670 non
1050 3620 1105 3672 ex
1121 3598 1259 3672 colore
1273 3598 1342 3672 suo
1367 3599 1562 3680 saturato,
1591 3617 1665 3672 nec
1690 3618 1745 3670 ex
1763 3594 1830 3669 sua
1851 3596 1890 3667 in
1910 3593 2014 3689 aqua
2035 3588 2193 3668 subiiden·

511 3727 589 3808 tia,
618 3743 749 3817 neque
763 3726 882 3798 etiam
895 3747 949 3797 ex
966 3723 1109 3799 duritie
1123 3724 1207 3807 sua,
1232 3725 1423 3799 Iatistuto
1440 3703 1723 3817 cognoscitura
1736 3721 1797 3796 sed
1816 3723 1964 3795 certior
1984 3714 2193 3794 maturitatis

512 3859 610 3924 nota
626 3873 680 3922 ex
703 3850 784 3947 ipso
801 3849 995 3924 trahenda
1013 3849 1072 3926 est
1097 3851 1264 3936 nucleo,
1291 3855 1438 3949 quippe
1458 3851 1546 3943 qui,
1572 3848 1600 3920 ss
1625 3873 1678 3921 ex
1700 3847 1916 3942 gelatinoso
1937 3847 2074 3922 sensim
2095 3837 2193 3917 factus
2243 3847 2244 3856 ³

514 3974 563 4049 fit
577 3975 877 4061 solidiusculus‚
902 3976 1060 4052 fitestae
1081 3977 1162 4051 suae
1179 3979 1389 4051 cavitatem
1410 3975 1564 4073 repleat
1589 3971 1845 4056 exactissime,
1872 3985 1993 4066 atque
2016 3972 2043 4047 ss
2062 3975 2150 4044 intra
2167 3961 2194 4034 se

516 4102 662 4200 ipsum,
687 4099 839 4175 nullum
857 4103 1023 4201 prorsus
1039 4106 1241 4178 contineat
1253 4104 1418 4200 spatium
1434 4122 1603 4175 vacuum
1614 4125 1625 4183 ;
1654 4098 2015 4174 indubitatissimum
2033 4089 2195 4198 praebebit

515 4226 674 4302 seminis
696 4230 842 4300 maturi
858 4228 1033 4322 signum,
1061 4234 1155 4325 quia
1174 4233 1226 4305 ita
1244 4228 1558 4309 conformatum,
1585 4225 1843 4318 germinando
1859 4235 1996 4323 aptum
2013 4226 2086 4308 est,
2109 4236 2193 4313 quae·

515 4373 674 4446 cunque
691 4356 809 4426 etiam
828 4353 952 4428 suerit
969 4354 1121 4450 reliqua
1139 4351 1228 4450 ejus
1243 4355 1429 4429 conditio.
1482 4349 1561 4427 Sed
1584 4361 1798 4444 antequam
1821 4352 1868 4425 ad
1883 4352 2068 4428 nucleum
2088 4359 2194 4445 proce

515 4479 677 4562 damus,
703 4478 910 4554 dicendum
931 4482 1045 4578 prius
1064 4483 1142 4554 erit
1155 4481 1203 4555 de
1216 4482 1408 4555 seminum
1431 4480 1613 4577 partibus
1632 4490 1750 4572 atque
1771 4474 2047 4553 affectionibus
2068 4466 2193 4549 extrin-

514 4608 630 4691 secis,
657 4627 749 4700 quae
774 4607 959 4680 omnibus
986 4628 1222 4681 communes
1248 4606 1344 4681 &in
1359 4608 1484 4680 variis
1500 4606 1611 4681 varie
1629 4603 1867 4678 modificatae
1892 4604 1994 4678 sunt.

615 4816 728 4891 Inter
744 4816 834 4899 has,
860 4817 1036 4913 primum
1051 4816 1184 4890 locum
1206 4807 1320 4891 tenet
1341 4811 1549 4898 umbilicus,
1579 4817 1647 4910 qui
1674 4813 1743 4891 vel
1765 4821 1985 4897 externus,
2013 4811 2080 4888 vel
2101 4810 2195 4880 inter·

515 4965 595 5022 nus
614 4944 689 5029 est,
713 4942 753 5018 bc
771 4964 944 5036 quorum
966 4945 1078 5041 prior
1099 4947 1184 5019 non
1210 4943 1336 5020 solum
1361 4943 1412 5018 ob
1434 4943 1587 5018 variam
1610 4935 1717 5016 suam
1739 4938 1934 5025 formam,
1968 4936 2090 5015 sed&
2117 4929 2195 5004 ide0⁵

2167 5069 2194 5122 n
