4567 5959
719 614 726 620 .
786 582 1091 615 -———·
1676 578 1787 635 cxxi

93 793 192 891 quod
212 794 315 867 inter
332 789 650 889 polystemones‚
675 792 800 866 variae
822 789 1065 875 habeantur,
1104 812 1196 885 quae
1224 813 1277 865 ex
1308 791 1492 868 omnibus
1522 794 1599 870 suis
1624 799 1781 885 ovulis,

93 924 166 997 vix
188 922 257 992 uni
282 915 546 991 soecundando
562 937 682 1013 pares
708 916 804 990 smt:
836 939 927 990 nam
950 940 1006 990 ex
1033 917 1097 990 liis
1121 918 1399 1015 phaenomenis
1420 920 1611 1014 liquidum
1633 925 1696 1010 fit,
1722 930 1782 1001 uti

93 1050 202 1145 supra
215 1041 300 1140 jam
324 1044 626 1136 annotavimus,
651 1044 757 1137 quod
780 1043 1021 1118 soecundatio
1045 1044 1236 1117 seminum
1257 1047 1393 1140 potius
1413 1070 1435 1118 a
1455 1049 1699 1141 qualitate&
1722 1054 1781 1124 in·

92 1172 250 1248 trinseca
263 1173 415 1246 virtute
433 1169 614 1266 pollinis,
642 1192 758 1263 quam
774 1171 821 1245 ab
835 1166 922 1266 ejus
937 1174 1156 1264 quantitate
1173 1170 1360 1267 pendeat3
1387 1171 1426 1248 δι
1441 1173 1547 1267 quod
1561 1198 1644 1250 non
1660 1202 1780 1255 omne

94 1320 209 1375 ovum
221 1293 464 1390 vegetabile,
491 1292 702 1381 aNatura,
730 1295 960 1371 infuturum
981 1298 1216 1395 progeniem
1239 1294 1473 1372 destinatum
1493 1299 1550 1374 sit

179 1506 421 1604 Magnitudo
450 1511 660 1592 seminum,
704 1508 743 1580 in
768 1507 966 1604 speciebus
997 1505 1190 1590 desinitis,
1223 1517 1429 1603 utcunque
1452 1520 1585 1585 certos
1615 1513 1780 1599 limites,

93 1635 149 1709 sed
164 1638 202 1708 in
216 1636 447 1711 universum
464 1632 646 1735 spectata,
671 1635 825 1706 nonnisi
840 1634 1088 1708 arbitrariam
1111 1631 1334 1706 mensuram
1353 1634 1480 1711 habet.
1528 1636 1643 1732 Ergo
1665 1660 1782 1733 gene·
1849 1640 1853 1657 '

92 1738 266 1837 ralilsime
283 1761 494 1836 seminibus
504 1759 779 1854 assignabimus
795 1768 969 1853 quatuor
987 1758 1268 1852 magnitudinis
1286 1760 1434 1854 gradus
1454 1772 1571 1856 atque
1587 1788 1632 1836 ea
1648 1765 1781 1864 appel-

92 1886 250 1960 labimus
271 1911 421 1983 magna,
446 1910 537 1981 quae
556 1886 779 1961 mensuram
797 1888 916 1959 unius
936 1888 1089 1985 pollicis
1103 1889 1336 1981 geometrici
1351 1887 1572 1972 excedunt,
1598 1888 1663 1962 seu
1690 1914 1782 1985 quae

93 2011 289 2109 Juglandis
306 2036 406 2088 nuce
423 2037 505 2088 non
522 2017 676 2088 minora
691 2013 798 2096 sunt,
823 2012 863 2087 δι
883 2013 930 2087 ab
951 2011 1040 2097 hac,
1067 2016 1107 2085 in
1122 2033 1397 2106 quamcunque
1420 2010 1532 2085 aliam
1553 2017 1782 2107 magnitudi-

93 2160 176 2214 nem
192 2139 274 2216 sive
296 2139 463 2215 crassitie
482 2142 564 2227 sua,
590 2139 855 2215 utLontarus
873 2138 913 2213 δι
926 2137 1103 2223 CoccoS,
1128 2138 1212 2213 five
1231 2138 1297 2211 sua
1317 2138 1583 2229 longitudine,
1611 2142 1668 2213 uti
1682 2140 1782 2215 Rhi-

94 2267 280 2363 zophora,
309 2266 595 2343 extenduntur.
645 2263 794 2349 Media,
822 2268 924 2339 intra
936 2266 1090 2363 pollicis
1106 2262 1147 2338 ui
1165 2263 1334 2338 duarum
1353 2264 1547 2336 linearum
1559 2266 1783 2341 mensuram

95 2390 319 2477 consistunt,
353 2402 471 2488 atque
491 2416 563 2469 nec
589 2391 692 2465 Milii
715 2413 842 2484 grano
865 2394 1037 2475 minora,
1078 2413 1153 2463 nec
1169 2387 1368 2463 Avellaua
1389 2412 1489 2465 nuce
1515 2385 1664 2485 majora
1684 2392 1783 2465 sunt

95 2517 226 2610 Parva,
250 2519 451 2593 dimidiam
470 2520 613 2595 lineam
633 2518 842 2614 superant,
873 2541 948 2591 nec
963 2517 1061 2592 duas
1087 2515 1306 2596 excedunt,
1331 2513 1371 2587 δι
1391 2518 1493 2590 intra
1509 2517 1655 2592 limites
1676 2519 1784 2592 semi·

95 2666 180 2718 num
195 2643 417 2744 Papaveris
431 2644 470 2719 ἃ
482 2644 741 2741 Campanulae
760 2645 1027 2718 continentur.
1078 2643 1224 2717 Minuta
1239 2638 1408 2732 denique
1426 2642 1467 2717 δι
1480 2640 1614 2725 exilio,
1637 2665 1784 2741 praece·

97 2771 266 2846 dentibus
283 2774 441 2845 minora
462 2780 503 2844 et
517 2770 619 2867 saepe
638 2769 872 2868 pulvisculis
890 2767 1026 2843 similia
1051 2767 1161 2842 sunt:
1187 2778 1232 2840 ut
1256 2767 1298 2839 in
1322 2763 1554 2855 Trachelio,
1579 2768 1784 2864 Begonia,

96 2892 252 2991 Pyrola,
279 2896 434 2982 Chara,
464 2895 501 2971 F
504 2896 654 2970 ilicibus
674 2908 716 2969 et
741 2894 902 2969 Mulcis.

183 3107 431 3213 Superficies
452 3114 673 3207 generatim
696 3111 754 3186 est
767 3111 842 3209 vel
861 3111 1084 3205 aequabilis,
1111 3109 1179 3185 vel
1196 3111 1459 3206 inaequabilis,
1494 3124 1537 3189 et
1558 3112 1649 3188 inde
1674 3114 1785 3189 varia

96 3238 398 3333 proficiscuntur
417 3241 582 3314 semina:
607 3248 655 3312 ut

226 3448 379 3549 glabra,
403 3475 494 3546 quae
521 3474 596 3525 nec
617 3451 843 3548 conspicuas
870 3452 1175 3544 inaequalitates,
1212 3473 1286 3525 nec
1310 3449 1561 3550 splendorem
1587 3452 1627 3525 in
1655 3451 1786 3550 super·

292 3578 382 3652 ficie
399 3579 563 3652 habent:
589 3581 691 3652 utin
705 3576 920 3676 Raphano,
946 3576 1120 3650 Braffica
1145 3587 1186 3650 et
1208 3580 1428 3650 innumeris
1449 3577 1561 3660 aliis3

231 3756 423 3855 levigata,
470 3780 562 3853 quae
583 3769 735 3857 praeter
762 3759 1006 3852 glabritiem,
1045 3760 1163 3830 etiam
1192 3756 1402 3854 splendore
1434 3756 1625 3850 gaudent:
1672 3765 1718 3830 ut
1747 3760 1787 3830 in

285 3882 508 3980 Alcttryo,
534 3883 802 3968 Amarantho,
828 3881 976 3982 Sapota
993 3893 1066 3956 etc.
1116 3882 1196 3957 His
1210 3881 1295 3956 addi
1315 3878 1472 3978 poliunt
1494 3878 1606 3957 lucida
1628 3883 1653 3956 s.
1672 3880 1788 3981 splen-

286 4008 423 4094 dentia,
449 4013 666 4104 generatim
686 4012 738 4083 ita
760 4008 877 4095 dista,
903 4008 972 4083 etsi
997 4031 1078 4082 non
1100 4010 1254 4104 semper
1274 4009 1433 4104 penitus
1459 4008 1593 4103 glabra
1615 4008 1710 4087 sint:
1741 4019 1788 4086 ut

286 4141 325 4209 in
341 4136 377 4211 F
379 4159 514 4231 agara,
539 4135 821 4232 Zanthoxylo,
847 4134 1126 4232 Lithospermo
1142 4138 1291 4235 urvrnfi3

225 4320 377 4422 striata,
404 4329 445 4392 et
463 4318 618 4412 quidem
634 4318 739 4392 striis
758 4317 826 4393 vel
844 4316 1213 4410 longitudinalibus:
1241 4315 1279 4387 in
1298 4312 1568 4390 Umbelliseris
1588 4325 1630 4391 et
1644 4319 1786 4415 pleris-

289 4469 367 4540 que
382 4447 491 4529 aliis3
517 4443 581 4519 vel
597 4445 927 4520 transversalibus
940 4455 1009 4517 aut
1021 4443 1213 4536 obliquis:
1234 4445 1334 4515 utin
1350 4441 1514 4524 Exaco,
1538 4440 1786 4540 Pentaphyl-

288 4572 326 4646 lo
347 4581 390 4645 et
410 4569 659 4665 Lysimcahia
671 4568 836 4672 stellata3
862 4571 928 4647 vel
941 4569 1192 4664 *radiantibus
1219 4576 1384 4645 exarata
1403 4578 1448 4642 ut
1475 4573 1514 4641 in
1541 4567 1786 4644 Tradescan·

289 4701 342 4771 tia
362 4708 404 4771 et
418 4695 667 4771 Commelina
685 4696 872 4779 Zenonia3

229 4875 391 4975 sulcate,
415 4876 665 4952 crailioribus
686 4878 760 4951 scil.
777 4878 906 4962 striis,
932 4877 1057 4971 iisque
1081 4875 1148 4953 vel
1169 4873 1424 4971 simplicibus,
1449 4874 1513 4950 vel
1541 4873 1711 4948 ramolis'
1728 4877 1786 4947 in-

293 5004 452 5104 scripta:
480 5008 520 5079 in
539 5004 721 5091 AEthusa,
747 5003 1002 5105 Bsychotria,
1037 5000 1274 5101 Pimpinella
1293 4999 1543 5096 agrimonoide.
1577 5000 1669 5074 Huc
1691 5022 1787 5095 quo·

925 5151 952 5225 q
1709 5149 1787 5223 que
