4567 5959
471 568 536 620 xx
1165 518 1477 582 ἰιι-ι-ιιι

472 754 656 855 consutile
671 753 859 846 evidentius
872 749 1002 848 inficio
1015 752 1191 852 Argarou
1204 752 1342 848 ordine,
1364 777 1465 854 quan
1484 754 1522 830 in
1538 748 1600 829 iac
1607 750 1840 858 stirpeoculs·
1854 748 2019 853 objicitur
2029 752 2170 852 rselnr

473 888 623 962 enimin
643 907 767 998 novam
790 878 952 979 plantam
975 878 1154 979 transeunt
1184 904 1278 956 mera
1304 884 1507 985 expanfionr
1530 878 1571 958 il
1599 886 1787 987 exienfione
1811 882 1989 981 partium,
2027 905 2173 979 quaram

463 1008 603 1119 fingnla
625 1013 716 1112 quast
743 1006 873 1106 paullo
897 1008 1093 1082 incrennnti
1117 1017 1205 1103 apta
1224 1004 1311 1104 sunt
1342 1005 1412 1104 (1).
1463 1005 1573 1081 Nihil
1607 1009 1739 1102 itaque
1766 1011 1914 1085 certius
1938 1007 2056 1082 &ex
2081 1007 2174 1105 ipsss

474 1137 739 1214 Scamnum
759 1135 894 1210 verbis
918 1146 1036 1228 atque
1056 1133 1400 1216 obseruationibus
1425 1132 1613 1227 liquidius
1625 1133 1705 1218 est,
1734 1157 1853 1230 quarn
1877 1134 1983 1229 quod
2005 1134 2174 1226 granula

473 1266 559 1358 illa,
585 1266 744 1340 everis
760 1260 972 1337 seminibus
993 1269 1081 1333 toto
1103 1259 1208 1332 coelo
1227 1257 1390 1350 distent3
1416 1260 1522 1354 quod
1542 1282 1670 1334 merae
1695 1258 1771 1334 lint
1784 1259 2035 1359 Propagines
2058 1281 2174 1354 gern-

472 1413 639 1484 maceae,
664 1392 704 1462 in
721 1387 870 1482 globuli
887 1386 1057 1459 formam
1075 1393 1311 1469 nascentem
1334 1385 1440 1478 quod
1451 1386 1633 1460 tubulosa·
1646 1385 1846 1461 frondium
1862 1388 2071 1485 proboscis
2089 1409 2177 1462 non

472 1518 595 1613 calyx
612 1512 784 1599 fruitus,
811 1514 875 1587 sed
901 1512 1069 1611 iimplex
1088 1521 1244 1586 tantum
1265 1533 1514 1606 gemmarum
1536 1513 1674 1606 tbeca;
1699 1512 1866 1608 &quod
1887 1515 2108 1608 generatim
2133 1515 2193 1586 in,

468 1646 543 1718 bac
559 1623 679 1739 stirpe
702 1644 835 1715 omnis
852 1639 1094 1734 foecundaiio
1110 1623 1309 1736 lirperssua
1330 1636 1369 1710 δι
1392 1636 1614 1714 frustranea
1633 1637 1695 1723 fit,
1719 1662 1764 1713 ac
1784 1662 1894 1715 mera
1912 1651 2067 1716 tantum
2080 1662 2176 1736 ger·

468 1772 633 1846 minatio
648 1773 690 1842 in
705 1767 771 1840 illa
789 1766 920 1840 locum
940 1766 1091 1842 babeat.
1140 1763 1307 1837 Alteras
1324 1763 1411 1839 illas
1425 1766 1666 1858 gemmulas,
1690 1786 1859 1860 quasex
1878 1769 1959 1865 ipsa
1970 1768 2186 1845 frondium.

467 1897 674 1995 superficie
700 1893 938 1988 quandoque
964 1892 1164 1990 pullulare
1192 1886 1498 1989 Senmrnnopus
1527 1889 1595 1989 (2)
1625 1912 1784 1986 qnoque
1818 1895 2065 1985 observavit,
2090 1913 2179 1965 non

467 2022 625 2118 quidem
644 2040 857 2114 negamuS,
882 2040 959 2092 nec
972 2028 1106 2094 tamen
1119 2016 1206 2120 illas
1217 2017 1421 2114 prioribus
1432 2019 1647 2111 quicquam.
1664 2017 1846 2100 officere,
1871 2041 1995 2095 easve
2013 2022 2052 2092 in
2067 2018 2180 2094 semi·

466 2153 536 2240 nis¹
555 2148 784 2241 dignitatern
804 2144 985 2223 evehere
996 2141 1104 2243 poffe
1124 2144 1350 2218 cennmus:
1378 2143 1478 2216 nihil
1490 2147 1600 2217 enim
1613 2145 1718 2250 alind
1732 2168 1789 2219 ex
1811 2167 1953 2219 earum·
1967 2156 2180 2241 proventu

468 2276 658 2367 colligere
678 2273 786 2357 licet,
812 2294 929 2367 quam
948 2269 1056 2366 quod
1073 2273 1111 2344 in
1129 2270 1202 2344 hac
1216 2291 1376 2365 quoque
1393 2267 1513 2367 stirpe
1526 2270 1692 2367 duplicis
1708 2270 1850 2345 formae
1866 2293 2035 2365 gemmae
2059 2271 2180 2345 simul
2275 2277 2276 2282 ’

468 2403 647 2476 habitare
669 2410 835 2493 queant,
859 2398 972 2471 sicuti
995 2397 1033 2472 id
1055 2399 1094 2471 in
1116 2395 1381 2469 Marchantiis
1404 2394 1486 2494 (3),
1511 2393 1691 2488 illusus,
1716 2394 1976 2483 Lichenibus‚
2011 2400 2108 2493 quin
2134 2400 2181 2472 in·
2275 2481 2276 2516 Ν

471 2528 566 2626 ipfis
588 2521 897 2628 perfedlioribus.
909 2522 1053 2622 plantis
1080 2522 1186 2596 haud
1208 2543 1302 2594 raro
1325 2524 1525 2596 cnvenire
1543 2522 1657 2616 solet,
1693 2533 1813 2617 atque
1833 2533 2072 2619 argumento
2098 2523 2182 2608 est,
2275 2529 2276 2532 ’

471 2654 580 2750 quod
590 2652 630 2730 N
632 2663 763 2727 aturae·
779 2655 890 2728 vires
909 2651 1043 2723 minus
1063 2648 1219 2724 severis
1232 2649 1272 2720 in
1289 2648 1639 2741 gemmifi'catione,
1666 2627 1783 2744 quam
1799 2647 2182 2745 infrustificabione,

473 2780 782 2876 circumscriptae
797 2774 1055 2868 fintlegibus.
2162 2787 2168 2800 ·

573 2944 652 3020 His
672 2946 785 3019 veris
812 2943 850 3017 dr
873 2941 1113 3016 certioribus
1131 2940 1279 3038 plantis
1299 2939 1548 3018 asexualibus
1572 2941 1789 3019 d‘ebuiffent
1806 2943 1934 3019 forsan
1961 2941 2185 3040 Targionia

476 3063 519 3147 dc
536 3070 671 3144 Riccia
689 3067 964 3164 quoqneaddi,
990 3069 1030 3142 dc
1048 3066 1234 3164 poiuiiiet
1247 3092 1356 3141 mere
1372 3072 1709 3167 gemmipararum
1724 3091 1919 3147 numerus
1939 3072 2063 3149 variis
2075 3093 2181 3164 quo·

478 3220 559 3292 que
578 3197 760 3288 liliaceis,
785 3192 953 3289 aliisque
970 3204 1166 3292 perpetuo
1190 3192 1387 3268 sterilibus
1404 3196 1552 3293 plantis
1573 3196 1739 3271 muitum
1767 3198 1914 3292 augeri.
1965 3194 2050 3272 Sed·
2064 3198 2182 3295 prio-

476 3345 570 3397 rum
583 3322 769 3395 fabricam
784 3320 965 3394 nondum
980 3319 1171 3393 babemus
1187 3341 1241 3393 ex
1257 3322 1363 3394 vivis
1376 3320 1651 3418 speciminibus
1668 3322 1758 3397 satis
1774 3325 1993 3418 cognitam,
2018 3332 2065 3397 ut
2077 3326 2181 3398 certi

477 3448 642 3543 quidde
662 3446 903 3522 iis'statuere
933 3466 1125 3538 queamus
1134 3470 1146 3528 ;
1181 3445 1221 3518 &
1243 3446 1292 3520 de
1315 3446 1607 3545 posterioribus·
1621 3447 1774 3522 abunde
1798 3460 1938 3523 notum
1962 3447 2036 3533 est,
2068 3448 2182 3543 quod

478 3583 631 3649 mutata
647 3570 779 3651 vilius
808 3574 967 3645 ratione
985 3569 1188 3669 saepil'fime
1210 3571 1335 3647 flores
1358 3573 1398 3647 dc
1420 3569 1574 3647 nucius
1590 3572 1821 3670 proferant,
1856 3595 1981 3669 qnare
2007 3575 2072 3649 hae
2093 3598 2180 3650 non
2273 3568 2274 3578 '

478 3724 534 3776 ex
563 3709 707 3774 natura
731 3697 820 3781 lira,
846 3699 908 3771 uti
928 3696 1221 3794 praecedentes,
1246 3699 1312 3774 sed
1337 3699 1424 3772 casu
1451 3700 1585 3772 saltem
1608 3698 1648 3773 δι
1671 3722 1745 3798 per
1763 3700 1942 3775 accidens
1962 3701 2181 3792 nsexuales
2272 3735 2273 3748 ¹

477 3824 680 3916 dicendae,
701 3825 771 3901 uel
788 3820 959 3905 restium
979 3819 1206 3920 firnpliciier
1224 3822 1379 3899 steriles
1397 3824 1644 3923 appellandae
1662 3825 1769 3899 sunt..
1814 3824 1945 3901 Miffis
1965 3835 2065 3922 ergo
2084 3828 2180 3923 bis,

477 3948 528 4025 ad
540 3970 807 4048 paucasnunc
820 3947 913 4022 alias
927 3948 1233 4046 progrediemur
1249 3951 1406 4047 plantas
1427 3974 1483 4024 ex
1502 3948 1844 4047 imperfediiorum·
1864 3954 1996 4036 tribu,
2030 3954 2179 4048 quibus

479 4072 946 4176 praetermanifestiilima
961 4073 1121 4155 semina,
1147 4077 1266 4149 etiam
1280 4077 1354 4149 alia
1373 4074 1553 4170 quaedam
1569 4098 1724 4170 organa
1738 4076 1826 4150 data
1844 4078 1956 4162 sunt,
1977 4101 2068 4174 quae
2085 4102 2180 4178 pas.

480 4201 554 4276 sun
578 4224 673 4275 cum
691 4201 907 4278 seminibus.
928 4200 1039 4274 ueris
1062 4221 1273 4297 perperam
1302 4200 1524 4292 commista„
1551 4201 1685 4300 paffim
1719 4225 1879 4298 qnoque
1902 4205 1949 4279 ad
1977 4208 2180 4282 masculas
2271 4277 2272 4296 ,

481 4336 624 4426 pariesi
638 4326 756 4401 dnbio
769 4322 866 4421 jure
886 4325 1011 4398 relata
1026 4323 1209 4411 fuerunt,
1235 4326 1279 4400 dc
1296 4348 1467 4421 quorum
1488 4327 1604 4402 valor
1620 4330 1723 4404 intra
1746 4328 1932 4429 simplicis
1947 4334 2177 4426 vegetatio·

481 4451 756 4530 niscancellos
772 4448 972 4525 subsistere
988 4450 1159 4525 videtur.
1588 4525 1595 4552 .
2104 4487 2126 4536 0
2270 4545 2271 4550 Ἰ

574 4616 673 4695 Non
691 4620 767 4693 alia
783 4620 887 4691 inter
902 4616 989 4690 illas
1005 4617 1162 4714 plantas
1176 4615 1424 4692 manifestius
1439 4615 1583 4718 duplici
1597 4622 1897 4717 propagationis
1911 4643 2063 4716 organo
2078 4643 2181 4717 gau·
2269 4563 2271 4636 ⁴

477 4746 568 4834 det,
597 4767 722 4841 qnam
743 4742 990 4822 Marcionita
1038 4735 1142 4818 Hae'c
1166 4745 1272 4816 euim
1296 4752 1447 4842 praeter
1475 4767 1578 4821 vera
1597 4747 1762 4831 semma,
1788 4749 1827 4819 in
1850 4748 2000 4846 peitate
2023 4753 2181 4843 genita·

2076 4875 2183 4948 lium.

525 5028 564 5110 ι.)
585 5022 990 5107 lnen.idid'.p·.2a.§,2n.
1046 5018 1476 5109 rnen.‚ibid;.tau.1..c‚xv1
1534 5025 2143 5112 Koernnur.Entdekt.Gebeinnp.31..
2268 5085 2269 5090 ,

2267 5235 2269 5306 l
