4567 5959
805 580 1111 635 ’,Ξ-..ΕΞ
1512 598 1514 605 “
1620 580 1800 641 cxxxix

101 785 214 851 cente
236 776 474 873 embryone,
501 784 595 852 anre
613 777 773 855 seminis
796 783 1087 866 maturitatem,
1114 782 1299 877 haurstur
1319 786 1361 862 δι
1382 786 1558 879 deletur,
1579 792 1620 870 &
1647 799 1794 875 iterum

100 907 188 987 alia,
221 904 424 979 verillimo
441 904 601 999 quidem
624 905 761 1004 stipata
779 907 869 981 sunt
886 909 1107 1001 albumine,
1133 905 1196 987 sed
1222 911 1290 986 illo
1316 913 1415 990 adeo
1441 940 1560 1015 parco
1585 930 1704 1015 atque
1732 935 1792 1000 te·
1922 912 1928 921 ¹
1978 930 1981 937 “

101 1033 182 1113 nui,
208 1040 257 1104 ut
279 1031 390 1105 facile
414 1026 716 1129 piaetervideri,
742 1035 837 1127 quin
859 1032 1129 1109 &commode
1152 1038 1299 1131 negligi
1326 1040 1458 1137 polilt,
1485 1047 1577 1138 quia
1595 1048 1713 1124 satius
1736 1049 1793 1127 est

101 1156 250 1232 nullum
273 1160 483 1233 admittere
500 1158 702 1243 albumen,
736 1152 855 1252 quam
875 1161 977 1247 tale,
1004 1161 1111 1255 quod
1131 1182 1214 1238 non
1243 1164 1290 1239 lit
1306 1169 1385 1241 rite
1408 1169 1671 1269 conspicuum.

190 1372 236 1445 In
252 1365 497 1466 dijudicanda
519 1372 642 1464 igitur
659 1370 867 1447 albuminis
890 1373 1116 1471 praesentia,
1144 1366 1388 1476 p‘oti-ffimum
1410 1380 1562 1479 adeius
1584 1383 1790 1461 craffitiem

98 1498 397 1599 respiciendum,
423 1506 540 1591 atque
569 1496 656 1570 haec
673 1496 772 1572 fixis
800 1499 1023 1574 delinienda
1042 1502 1099 1578 est
1116 1505 1326 1590 limitibus,
1353 1519 1398 1583 nt
1417 1515 1528 1584 omni
1549 1484 1791 1605 ambiguitati

99 1628 180 1701 ansa
198 1622 450 1726 praecidatur.
501 1623 640 1718 Itaque
661 1625 710 1698 ad
726 1622 857 1721 femina
873 1622 1130 1725 exalbumnosa
1147 1651 1229 1703 non
1249 1642 1404 1708 tantum
1428 1637 1640 1712 referimus
1659 1662 1724 1723 ea,
1751 1642 1792 1713 in

98 1753 234 1847 quibus
252 1750 374 1849 plane
392 1749 547 1825 nullum
562 1745 681 1845 hujus
703 1750 833 1826 nuclei
849 1754 974 1849 partis
993 1752 1098 1827 adest
1119 1754 1348 1850 vestigium,
1373 1772 1419 1834 ut
1441 1763 1481 1834 in
1502 1760 1789 1850 Zannichellia,

98 1874 322 1973 Sagittaria,
348 1875 521 1951 Bankfia
543 1876 615 1950 &e
635 1877 700 1951 sed
721 1878 760 1951 ὅ(
779 1879 911 1949 omnia
933 1876 1022 1961 illa,
1049 1902 1222 1973 quorum
1236 1884 1440 1971 albumen,
1473 1887 1708 1964 tenuissimae
1727 1891 1791 1967 sal·

97 2012 169 2078 tem
182 2006 342 2078 laminae
358 2002 531 2077 carnosae
543 2002 688 2102 specie,
715 2006 991 2095 integumento
1008 2004 1164 2082 seminis
1179 2011 1340 2085 interno
1350 2013 1555 2099 adnatum,
1582 2014 1789 2109 eidemque

97 2130 155 2204 sua
175 2128 346 2204 craffitie
370 2128 539 2224 aequale,
565 2124 634 2205 vel
656 2128 696 2203 br
721 2132 882 2204 tenuius
903 2129 983 2224 est,
1015 2140 1062 2204 ut
1088 2134 1129 2205 in
1157 2131 1291 2229 Pyro,
1323 2135 1460 2224 Citro,
1499 2137 1728 2236 Amygdalo
1750 2141 1790 2216 δι
1831 2124 1841 2140 ’

97 2257 175 2329 aliis
189 2258 324 2333 variis.
375 2254 529 2330 Contra
547 2263 680 2329 autem
703 2234 1066 2355 Seminaalbuminosa
1091 2280 1172 2333 non
1188 2285 1236 2336 ea
1249 2263 1367 2338 modo
1382 2265 1585 2348 dicuntur,
1610 2286 1788 2359 quorum

96 2383 266 2457 albumen
287 2385 502 2456 maximam
524 2381 657 2454 nuclei
671 2381 794 2456 efficit
812 2392 985 2480 partem,
1010 2395 1057 2458 ut
1085 2388 1127 2460 in
1154 2386 1325 2474 Trition,
1359 2388 1521 2473 Canna,
1555 2389 1698 2466 Coffea
1715 2392 1785 2466 &a

96 2511 367 2583 verumetiam
381 2508 445 2582 illa
461 2508 611 2591 omnia,
642 2509 845 2602 inquibus
863 2511 1025 2587 carnosa
1045 2522 1115 2586 aut
1127 2512 1297 2590 farinosa
1310 2514 1520 2591 albuminis
1537 2515 1681 2591 lamina
1695 2538 1787 2613 pro·

96 2636 196 2709 ximo
210 2635 279 2710 suo
297 2632 574 2729 integumento
590 2633 793 2711 manifeste
810 2633 971 2710 crall'ror
983 2635 1054 2720 est,
1082 2648 1127 2713 ut
1145 2644 1185 2715 in
1200 2641 1453 2728 Allamanda,
1479 2640 1661 2737 Pegano,
1679 2641 1785 2716 Mal·

97 2758 278 2837 vaceis&
303 2758 389 2835 aliis
414 2761 562 2871 multis.

180 2928 256 3006 His
271 2928 467 3005 limitibus
483 2929 822 3028 circumscriptum
835 2929 1019 3006 albumen
1037 2935 1177 3031 utique
1194 2939 1235 3010 in
1255 2938 1391 3014 multis
1406 2937 1617 3013 seminibus
1632 2934 1786 3019 deficit,

94 3062 200 3149 atque
214 3059 388 3150 integrae
402 3055 547 3131 dantur
562 3054 722 3129 familiae
739 3056 960 3139 naturales,
992 3058 1191 3153 inquibus
1209 3063 1321 3137 nulla
1339 3058 1427 3161 ejus
1444 3063 1612 3137 habetur
1626 3063 1784 3143 umbra,

93 3189 133 3254 ut
145 3184 182 3255 in
194 3182 466 3285 Compolitis,
491 3180 776 3267 Verticillatis,
802 3177 1028 3278 Siliquofis,
1053 3184 1351 3265 Cucurbitaceis
1370 3191 1410 3266 ὰ
1426 3186 1680 3289 Alperifoliis
1698 3211 1785 3263 om·
1845 3199 1850 3208 '

92 3307 208 3384 nibus.
256 3310 306 3384 In
323 3312 411 3386 aliis
429 3333 557 3394 vero,
586 3311 762 3415 maxima
779 3329 876 3407 pars
897 3330 1093 3404 generum
1109 3311 1306 3391 albumine
1322 3326 1448 3400 caret,
1476 3316 1570 3391 dum
1591 3314 1666 3389 alia
1685 3334 1783 3412 pau-

93 3435 189 3510 ciora
203 3438 271 3512 illo
297 3434 484 3512 instrutta
502 3437 614 3521 sunt,
638 3446 686 3510 ut
708 3437 747 3508 in
772 3430 1071 3528 Leguminofis3
1097 3439 1136 3513 bc
1158 3442 1304 3519 iterum
1333 3447 1374 3516 in
1397 3442 1503 3525 aliis,
1535 3441 1649 3516 versa
1670 3440 1782 3521 vice,

93 3561 200 3656 plura
213 3564 477 3647 albuminosa,
501 3584 620 3658 quam
646 3562 941 3637 exalbuminosa
959 3562 1316 3662 deprehenduntur
1330 3588 1502 3663 genera,
1525 3568 1629 3641 utin
1645 3563 1783 3661 Dipsa-

92 3688 163 3761 eais
184 3699 308 3784 atque
326 3687 558 3765 Malvaceis
606 3687 667 3764 At
692 3697 1023 3785 quantuscunque
1048 3696 1168 3768 etiam
1198 3694 1261 3768 hic
1285 3690 1462 3800 defettus
1490 3692 1623 3769 videri
1646 3687 1781 3787 pellit,

91 3820 211 3890 tamen
226 3818 320 3900 ille,
346 3837 428 3889 non
441 3815 561 3890 modo
577 3816 625 3891 ab
640 3816 728 3891 aliis
747 3815 957 3891 ordinibus
980 3812 1243 3895 naturalibus:
1270 3816 1553 3902 Graminibus,
1578 3814 1783 3912 cyperon

91 3937 184 4025 deis,
207 3936 377 4025 Palmis,
401 3938 534 4026 Liliis‚
560 3940 818 4027 Orchidibus,
850 3941 1141 4033 Urnbelliferis,
1176 3941 1375 4028 Stellatis,
1408 3940 1625 4025 Tricomia,
1657 3940 1780 4035 Vagi-

90 4066 255 4153 nalibus,
280 4066 504 4153 Coniferis,
531 4065 848 4163 Multifiliquofis
873 4067 946 4143 &n
958 4092 1105 4147 verum
1129 4074 1248 4145 etiam
1262 4070 1309 4146 ab
1332 4071 1484 4162 ingenti
1499 4086 1696 4163 vagorum
1708 4087 1781 4161 ge·

89 4207 220 4269 nerum
253 4216 448 4279 numero,
481 4197 627 4291 quibus
653 4198 801 4294 quippe
830 4193 1055 4271 constanter
1083 4196 1325 4270 albuminosa
1353 4195 1500 4268 semina
1524 4202 1781 4291 competunt,

89 4315 176 4391 adeo
190 4322 322 4420 ample
344 4321 567 4416 &largiter
589 4323 886 4420 compensatur,
915 4331 964 4394 ut
986 4322 1173 4398 omnibus
1195 4324 1369 4416 cognitis
1394 4322 1608 4414 generibus
1626 4323 1664 4393 in
1684 4340 1780 4394 oen·

89 4439 163 4517 sum
177 4436 359 4531 vocatis,
379 4444 499 4542 longe
519 4443 645 4543 major
664 4446 1019 4539 albuminosorum,
1043 4468 1161 4540 quam
1189 4449 1360 4523 aliorum
1382 4447 1574 4524 seminum
1598 4453 1779 4540 emergat

88 4585 294 4661 numerus,
317 4585 438 4671 atque
451 4576 538 4650 haec
551 4575 629 4672 ipsa
641 4573 851 4650 albuminis
868 4573 1109 4669 frequentia,
1133 4569 1221 4670 ejus
1235 4594 1397 4671 quoque
1411 4573 1643 4668 dignitatem
1657 4582 1776 4667 atque

87 4693 246 4774 usumin
266 4704 488 4776 aeconomia
506 4699 720 4795 vegetabili
740 4684 888 4777 satis&
906 4699 1060 4777 abunde
1075 4703 1242 4776 evineat

176 4879 613 4982 Praecipuus'nimirum
633 4883 843 4959 albuminis
866 4884 960 4958 usus
978 4907 1028 4959 eo
1041 4880 1168 4966 redit,
1194 4891 1241 4956 ut
1257 4879 1491 4976 embryonl,
1517 4882 1623 4956 intra
1641 4880 1774 4958 semen

87 4996 280 5105 toncluso,
304 5033 381 5109 pro
408 5009 535 5090 'fulcro
556 5036 602 5088 ac
617 5012 836 5095 tutamine,
860 5011 989 5086 eidem
1012 5031 1115 5088 vero
1138 5009 1397 5106 germinanti,
1425 5030 1502 5108 pro
1524 5008 1773 5085 nutrimento

913 5155 936 5212 s
963 5154 986 5208 a
1039 5166 1044 5174 ·
1657 5141 1775 5227 atque
