4567 5959
505 575 585 640 50⁷1
1210 565 1515 620 ....-““““““.....-....

597 770 803 859 Corelliam,
839 789 939 869 quas
971 774 1124 846 summo
1162 766 1275 867 jure,
1311 771 1525 867 vegetabili
1545 793 1674 869 regno
1699 771 1974 858 vindicandas,
2002 766 2081 868 jam
2107 771 2186 848 olim

497 905 773 981 Paucassrus
790 905 839 993 (ι)
855 899 1021 981 censuit,
1047 898 1220 973 medium
1235 901 1342 973 inter
1360 897 1521 975 Usneas
1533 911 1575 977 et
1594 900 1823 977 conservas
1838 907 1978 974 tenent
1991 898 2131 990 locum,
2145 898 2187 990 ¹&

497 1030 713 1109 veriffimae
738 1029 828 1102 sunt
856 1027 1005 1124 plantae
1028 1025 1255 1102 asexuales.
1304 1024 1590 1123 Propagantur
1617 1051 1691 1125 per
1716 1047 1854 1101 meros
1869 1026 2071 1122 gongylos
2093 1047 2187 1119 gem-

497 1179 674 1251 maccus,
702 1158 773 1251 qui
793 1155 1019 1229 constanter
1040 1156 1078 1226 in
1102 1155 1266 1226 extimis
1291 1151 1497 1229 frondium
1524 1155 1692 1231 surculis
1718 1153 1896 1235 haerent,
1922 1153 1962 1227 dc
1984 1176 2037 1228 ex
2059 1173 2188 1225 eorun-

496 1286 586 1363 dem
600 1285 744 1359 ultimo
762 1291 832 1356 aut
844 1281 1066 1380 penultimo
1083 1279 1267 1362 articulo,
1292 1279 1376 1353 solo
1392 1303 1436 1354 ac
1448 1280 1610 1381 srmplici
1624 1283 1874 1354 incremento
1890 1278 2107 1354 substantiae
2123 1278 2189 1350 sua

496 1412 695 1494 carnosae,
723 1413 889 1484 omnino
913 1411 1072 1507 penitus
1087 1408 1316 1492 herbaceae,
1343 1405 1383 1480 dt
1398 1407 1586 1483 fucorum
1604 1409 1713 1482 carni
1733 1405 1958 1489 simillimae,
1984 1404 2189 1478 formantur

497 1549 539 1613 et
556 1542 594 1611 in
615 1535 763 1631 globuli
785 1537 952 1634 speciem
971 1533 1194 1628 finguntur.
1245 1531 1357 1608 Nihil
1370 1536 1579 1628 quicquam
1594 1558 1617 1607 a
1632 1533 1799 1625 reliquis
1814 1525 1936 1625 hujus
1953 1529 2188 1622 censusgem·

444 1708 448 1714 ·
496 1665 575 1738 mis
590 1659 798 1756 differunt,
823 1660 893 1734 niii
909 1661 1016 1754 quod
1036 1661 1212 1734 calcanea
1226 1660 1377 1743 crusta,
1402 1661 1495 1735 huic
1515 1661 1697 1759 stirpium
1718 1659 1857 1751 generi
1873 1660 2057 1756 propria,
2080 1652 2190 1730 vestiti

496 1790 592 1875 sint3
619 1801 764 1867 caetera
798 1791 905 1863 enim
934 1787 1101 1884 perinde
1134 1795 1181 1858 ut
1213 1783 1276 1859 alii
1307 1790 1495 1885 gongyli,
1542 1811 1598 1862 ex
1629 1788 1769 1860 matris
1802 1782 1976 1858 medulla
2001 1805 2044 1855 ac
2066 1779 2191 1852 cortice

497 1915 653 2001 struiti,
683 1919 731 1991 ab
751 1938 799 1987 ea
822 1911 1002 1994 tandem,
1039 1911 1213 1986 resoluto
1235 1915 1386 1986 cortice
1410 1913 1613 1996 secedunt,
1649 1921 1691 1986 et
1708 1909 1908 2008 protrusrs
1926 1933 1951 1984 e
1972 1910 2118 1984 uertice
2137 1903 2191 1977 suo

498 2042 620 2113 novis
639 2039 832 2124 articulis,
863 2037 999 2113 senssm
1015 2040 1054 2109 in
1068 2037 1239 2111 formam
1258 2039 1376 2111 matri
1391 2037 1472 2111 i'uae
1484 2037 1718 2114 fimillimam
1739 2036 1899 2111 abeunt.
1951 2036 1997 2109 In
2013 2030 2191 2108 Corallina

499 2160 686 2264 officinali,
716 2185 852 2239 nexus
869 2166 974 2239 inter
994 2165 1178 2237 corticem
1193 2173 1314 2257 atque
1328 2162 1541 2239 medullam
1557 2165 1725 2259 gongyli
1744 2164 1890 2254 maturi
1906 2183 1991 2237 non
2006 2158 2192 2240 admodum

498 2279 639 2366 arctus¹
657 2291 731 2375 est,
770 2312 862 2364 nam
896 2293 937 2363 in
970 2289 1067 2382 hoc,
1109 2288 1541 2383 galetinoso-carnosa,
1578 2285 1867 2386 subpellucida,
1904 2282 2139 2384 &jamjam
2160 2284 2191 2354 in

498 2419 688 2492 articulos
713 2413 976 2492 transversim
998 2415 1105 2510 quafi
1134 2412 1233 2488 [etta
1252 2419 1306 2507 (a)
1331 2413 1523 2499 medulla,
1551 2414 1665 2488 facile
1681 2437 1705 2486 a
1727 2416 1878 2504 cortiqe
1898 2416 1970 2510 suo
1988 2417 2191 2513 separatum

499 2544 540 2616 in
560 2541 725 2637 reliquis
742 2552 893 2627 autem,
921 2542 1037 2615 ambo
1050 2540 1157 2616 arcte
1176 2542 1281 2614 inter
1289 2540 1336 2618 ,se
1352 2541 1580 2623 cohaerent,
1606 2539 1801 2637 &saepius
1817 2540 1974 2633 accidit,
2000 2551 2046 2615 ut
2059 2556 2189 2633 gongy·

497 2669 564 2743 lus
582 2691 753 2744 unacum
769 2670 948 2742 articulis
974 2667 1042 2740 ilbi
1068 2662 1151 2762 jam
1172 2675 1289 2739 antea
1312 2666 1524 2763 impolitis,
1550 2663 1719 2749 defluat,
1745 2674 1866 2759 atque
1893 2689 1950 2740 ex
1972 2667 2035 2742 his
2054 2669 2102 2740 ita
2115 2683 2189 2756 ger·

498 2797 645 2877 minet,
671 2804 719 2866 ut
737 2794 817 2891 ipse
837 2791 892 2867 nil
904 2793 977 2870 nili
989 2790 1229 2868 balinnovae
1245 2767 1395 2892 plantae
1408 2793 1596 2889 praebeat.
1748 2787 1752 2796 ’

545 3071 548 3080 ,
599 3005 782 3103 Causarum
801 3031 960 3093 omncs,
988 3018 1068 3083 tam
1093 3011 1321 3108 capillares,
1360 3033 1478 3105 quam
1510 3010 1827 3099 moniliformes‚
1862 3012 1965 3089 sexu
1998 3011 2038 3088 δι
2060 3008 2189 3086 semim·

499 3132 576 3208 bus
601 3133 641 3204 in
668 3145 910 3233 perpetuum
940 3134 1139 3214 destitutae
1162 3135 1264 3212 sunt.
1313 3136 1502 3230 Priores,
1534 3139 1717 3236 esponte
1736 3139 1894 3224 solutis,
1928 3139 2191 3234 necquidquam

498 3264 666 3336 mutatis
684 3262 865 3338 articulis
886 3261 967 3335 suis
989 3266 1267 3355 regerminant
1290 3267 1359 3356 (3),
1386 3264 1497 3339 ficuti
1521 3261 1699 3363 Opuntia
1726 3288 1781 3341 ex
1810 3268 1931 3338 unico
1964 3266 2114 3340 frondis
2130 3260 2193 3334 iuae

498 3385 666 3466 articulo
688 3395 775 3462 tota
801 3386 1066 3481 redintegrari
1093 3389 1217 3464 folet:
1250 3413 1374 3484 quare
1399 3391 1565 3464 omnino
1594 3390 1743 3500 frustra
1774 3390 1833 3466 est
1858 3391 2198 3474 Kournaumur

499 3514 590 3605 (4),
630 3511 789 3607 quando
826 3515 964 3586 cortici
994 3514 1138 3589 harum
1176 3516 1402 3614 plantarum
1435 3515 1871 3615 hypercryptogamica
1902 3522 2044 3596 tribuit
2073 3512 2192 3591 officia·

498 3636 719 3716 Confervae
743 3647 878 3712 autem
898 3639 1211 3725 moniliformes‚
1244 3652 1291 3715 ut
1315 3636 1577 3725 corallinoides,
1610 3639 1825 3718 verticillara
1851 3647 1896 3738 (t)
1923 3646 1964 3722 ὅ(
1987 3647 2107 3722 variae
2122 3638 2192 3724 815ae

494 3764 719 3842 adhucdum
738 3766 1015 3850 innominatae,
1043 3776 1239 3862 promunt
1253 3791 1307 3842 ex
1322 3763 1525 3862 junsturis
1550 3760 1751 3863 majorum
1772 3770 1934 3845 suorum
1954 3772 2192 3846 articulorum

494 3889 634 3968 brevia
657 3889 842 3984 quaedam
867 3888 1069 3968 filamenta
1092 3894 1286 3977 lateralia,
1319 3915 1410 3988 quae
1431 3892 1470 3965 u
1497 3891 1576 3988 ipsa
1601 3915 1655 3964 ex
1682 3896 1823 3991 parvis
1847 3900 2028 3974 articulis
2047 3890 2193 3971 conflata

494 4013 594 4097 lunt,
620 4014 883 4109 &exquibus
900 4015 1006 4101 solis,
1036 4019 1254 4095 earundem
1269 4018 1575 4118 propagationis
1590 4039 1751 4111 organa,
1777 4019 2194 4124 haciimplicisorman·

495 4149 564 4214 tur
596 4140 804 4223 methodo,
839 4151 887 4215 ut
912 4165 1021 4218 nunc
1048 4147 1207 4238 unicus,
1250 4167 1358 4220 nunc
1379 4146 1458 4219 duo
1485 4143 1554 4220 fibi
1576 4147 1776 4252 proximi,
1810 4147 2035 4226 lateralium
2053 4149 2194 4242 filorum

496 4265 670 4382 articuli,
695 4287 770 4366 per
791 4292 946 4380 meram
965 4268 1191 4346 substantiae
1211 4272 1292 4346 suaa
1314 4270 1491 4345 carnosae
1511 4270 1869 4359 intumescentiam,
1897 4278 1935 4352 in
1951 4278 2107 4351 unicum
2122 4268 2193 4362 glo·

495 4388 633 4488 bulum
659 4389 825 4470 solidum
849 4403 1162 4481 convertantur,
1189 4395 1421 4502 quitppstea
1446 4395 1586 4496 sponte
1616 4394 1776 4481 decidit,
1806 4398 1846 4474 dt
1876 4401 1971 4478 dum
2003 4425 2056 4478 ex
2087 4399 2193 4473 altera

2089 4527 2190 4623 parte

1366 4807 1373 4820 ·
1415 4795 1458 4874 5.)
1481 4796 1578 4858 DILL.
1595 4815 1687 4856 must.
1704 4810 1726 4856 t.
1745 4816 1774 4872 9.
1794 4793 1815 4857 f.
1831 4809 1855 4864 8.
1879 4801 1913 4858 Α.
1929 4794 2029 4880 quoad
2043 4791 2130 4873 figur.
2145 4787 2193 4848 Ha·

538 4868 583 4947 2.)
605 4869 703 4932 Erus
721 4865 804 4942 Essay
820 4893 862 4934 on
878 4868 981 4936 curali.
997 4893 1027 4957 p.
1042 4872 1255 4950 48.t.24f.a.
1267 4879 1302 4938 A.
1472 4899 1540 4938 rum
1571 4878 1675 4962 plures
1705 4878 1923 4961 elegantiifimae
1951 4899 1981 4944 et
2002 4880 2131 4943 nondum
2152 4869 2192 4930 dt·

1457 4957 1583 5047 'scriptae
1598 4965 1709 5051 specics
1724 4970 1757 5029 in
1773 4965 1876 5032 littore
1891 4966 2192 5044 cornubienfioccut·

539 5034 581 5113 3.)
604 5040 739 5101 Annus.
753 5036 826 5102 fam.
842 5059 863 5102 1.
879 5061 909 5126 p.
923 5042 1033 5116 304.d=
1053 5060 1080 5105 a.
1100 5063 1130 5127 p.
1146 5062 1204 5119 ης.
1470 5067 1551 5115 runt,
