4567 5959
851 559 1155 587 ιιι-ιιι..-
1676 549 1856 603 LXXXIX

142 783 219 837 nec
238 783 323 834 uno
338 757 482 857 plures
497 757 677 834 continet
692 757 859 833 nucleos
888 756 948 855 (1.
959 758 989 848 ).
1039 751 1175 851 Hujus
1199 758 1328 850 itaque
1350 757 1466 833 sortis
1483 759 1648 841 ovaria,
1676 759 1854 856 a-pleris·

143 910 226 981 que
246 885 292 959 ad
321 885 466 959 semina
490 884 595 958 nuda
614 885 814 960 amandari
833 883 985 960 solent:
1012 884 1051 961 ὅ(
1074 884 1278 958 fatendum
1298 885 1436 966 etiam,
1461 884 1568 976 quod
1580 908 1656 981 pro
1667 886 1803 978 nudis,
1824 884 1854 957 sr

143 1007 531 1109 non-physiologice,
558 1011 833 1104 teclmologice
846 1021 978 1084 tamen
992 1009 1331 1107 &comparative,
1352 1010 1672 1103 'haberiqueant,
1697 1011 1855 1105 &quod

146 1142 189 1212 in
213 1137 351 1235 praxi,
377 1129 571 1228 ejusmodi
593 1137 736 1212 semina
752 1160 835 1211 non
855 1136 1253 1220 solurnadnrittenda,
1280 1136 1344 1211 sed
1369 1136 1623 1212 &statuenda
1641 1136 1736 1222 smt,
1761 1141 1855 1232 quia

145 1286 229 1338 non
244 1263 319 1335 alia
335 1263 460 1354 magis
472 1262 744 1360 compendiosa
756 1266 928 1347 ratione,
953 1272 1040 1337 tota
1059 1261 1223 1336 istorum
1241 1257 1441 1335 frustuum
1458 1262 1721 1336 conformatio
1735 1273 1856 1358 atque
1940 1318 1941 1322 η

146 1391 307 1464 habitus
325 1398 524 1462 externus
545 1387 704 1463 definiri
721 1388 760 1463 &
781 1392 955 1488 exprimi
976 1386 1139 1488 pollint,
1169 1410 1288 1482 quam
1310 1388 1474 1487 simplici
1498 1389 1561 1465 illa
1582 1390 1739 1466 seminis
1761 1391 1857 1467 nudi

144 1514 426 1615 appellatione.

250 1721 372 1798 Testa
385 1725 550 1819 semina,
576 1748 748 1822 quorum
766 1728 889 1822 longe
909 1731 1111 1805 maximus
1129 1748 1324 1804 numerus
1344 1727 1420 1811 est,
1447 1725 1652 1802 manifesto
1667 1727 1856 1803 claudun-

145 1860 218 1925 tur
237 1849 486 1949 Pericarpio,
513 1847 627 1947 cujus
653 1854 804 1954 septem
825 1854 1034 1932 statuimus
1059 1858 1225 1956 species:
1252 1878 1398 1954 nempe
1415 1852 1623 1951 Capsulam
1637 1911 1648 1948 ,
1684 1852 1857 1937 Nucem,

146 1973 345 2071 Coccum,
370 1977 580 2077 Drupam,
600 1979 789 2066 Baccam,
820 1980 1032 2077 Legurnen
1053 1995 1174 2079 atque
1196 1977 1400 2077 Siliquam.

248 2212 496 2291 Capsum
521 2216 579 2293 est
594 2220 922 2318 conceptaculum
942 2212 1101 2315 liceum,
1134 2219 1508 2301 membranaceum,
1535 2219 1760 2295 coriaceum
1785 2223 1857 2290 aut

144 2342 364 2436 lignosum,
388 2365 495 2418 nunc
511 2346 675 2438 evalve,
701 2366 809 2419 nunc
836 2356 988 2431 autem,
1014 2347 1234 2441 &quidem
1256 2346 1384 2420 multo
1407 2345 1680 2438 frequentius,
1707 2344 1747 2415 in
1770 2342 1858 2418 val-

145 2468 287 2552 vulas,
314 2491 502 2556 numero,
528 2470 605 2545 litu
629 2471 822 2565 &figura
848 2476 982 2548 varias
1009 2474 1219 2551 dehiscens.
1270 2469 1461 2545 Omnium
1482 2470 1693 2569 pericarpii
1714 2468 1857 2566 specie-

146 2617 242 2669 rum
256 2594 376 2689 longe
394 2596 659 2690 vulgatissima
678 2597 756 2681 est,
782 2598 821 2672 δι
847 2603 1035 2693 quoniam
1055 2601 1185 2674 forma
1200 2609 1320 2694 atque
1332 2597 1479 2672 fabrica
1500 2597 1582 2679 sua,
1607 2595 1769 2669 notabili
1787 2595 1857 2668 sae-

148 2744 204 2817 pe
232 2724 387 2798 ratione
411 2720 567 2805 differt,
603 2725 810 2800 commode
843 2727 882 2797 in
909 2725 1118 2820 sequentes
1151 2727 1298 2824 species
1327 2724 1573 2799 subalternas
1600 2720 1722 2798 dividi
1749 2721 1856 2820 polle

150 2847 332 2921 videtur:
365 2846 440 2923 scil.
475 2833 516 2925 in
539 2848 794 2935 Utriculum‚
825 2845 1062 2937 Samaranr,
1104 2850 1348 2930 Folliculunr
1374 2849 1414 2927 bc
1445 2847 1653 2948 Capsulam
1683 2845 1855 2923 strictius

149 2970 306 3048 (lislam.

256 3180 434 3260 Utriculus
455 3183 513 3259 est
532 3185 687 3284 capsula
709 3185 988 3274 unilocularis,
1015 3193 1312 3292 monosperma,
1338 3189 1441 3286 saepe
1468 3182 1690 3261 tenuissima
1709 3182 1748 3257 δι
1771 3181 1858 3256 sub-

151 3307 362 3407 diaphana,
386 3311 612 3417 constanter
633 3336 736 3389 vero
750 3314 927 3399 evalvis,
953 3316 993 3390 δι
1017 3318 1147 3413 figura
1163 3320 1229 3394 sua
1243 3317 1291 3393 ad
1314 3325 1474 3392 ovatam
1496 3320 1567 3386 aut
1591 3306 1858 3403 lubglobosam

149 3435 355 3513 accedens.
407 3437 552 3511 Omnia
582 3439 730 3514 semina
761 3439 885 3522 nuda,
917 3440 1048 3518 striste
1085 3445 1307 3540 loquendo,
1343 3440 1538 3515 Uniccrlis
1567 3435 1749 3511 conclusa
1783 3433 1858 3508 dici

148 3560 330 3659 pollent,
355 3562 1037 3660 sedlimitabimussgnificationem
1059 3566 1179 3664 hujus
1198 3573 1337 3652 vocis,
1362 3586 1529 3659 eamque
1554 3565 1602 3636 iis
1627 3562 1763 3637 saltem
1783 3562 1857 3633 tci-
1885 3564 1888 3568 “
1954 3598 1961 3611 ·

149 3690 322 3764 buemus
341 3690 532 3764 seminum
556 3692 819 3766 indumentis:
846 3700 1007 3786 quae10.
1032 3695 1228 3772 leviffima
1245 3697 1467 3792 digitorum·
1488 3689 1633 3763 tritura
1651 3711 1673 3761 a
1700 3687 1856 3792 semini-

148 3817 229 3889 bus
254 3814 486 3891 solvuntur:
523 3817 564 3890 in
589 3816 871 3916 Chenopodio,
904 3817 1120 3919 Atriplice,
1150 3821 1265 3898 Beta.
1317 3825 1375 3893 2⁰.
1402 3840 1492 3912 quae
1514 3817 1619 3889 intra
1642 3815 1857 3889 cavitatem

149 3942 260 4015 suam
275 3942 479 4016 manifesto
491 3935 667 4016 funiculo
685 3938 894 4019 umbilicali
907 3944 1044 4044 stipata
1057 3948 1163 4021 sunt:
1191 3952 1230 4021 in
1244 3944 1456 4028 Adonide,
1484 3937 1705 4023 Thalistro,
1731 3937 1856 4013 Atra-

148 4092 266 4163 gene.
316 4076 371 4160 30.
396 4092 528 4164 quaea
549 4067 713 4151 semine,
744 4066 951 4165 interjesto
971 4075 1134 4148 notabili
1158 4074 1280 4171 spatio
1317 4092 1446 4147 vacuo
1474 4069 1651 4165 separata
1679 4066 1790 4139 sunt:
1816 4067 1861 4137 in

146 4195 360 4279 Eleusine,
386 4191 670 4289 Achyranthe,
703 4193 872 4289 Queria,
898 4197 1109 4283 illecebro,
1140 4190 1402 4293 polycnemo.
1453 4199 1515 4285 4⁰.
1550 4194 1739 4288 denique,
1766 4211 1858 4291 quae

146 4324 286 4397 semen
301 4325 508 4399 continent
527 4320 750 4404 inversum,
776 4333 824 4398 ut
836 4326 1071 4421 embryonis
1093 4324 1267 4399 radicula
1286 4323 1434 4418 stylum
1454 4318 1653 4416 respiciat:
1681 4322 1721 4390 in
1740 4290 1858 4392 Calii·
1919 4296 1924 4305 ¹

144 4432 302 4531 triche,
328 4444 614 4530 Zannichellia,
640 4444 803 4523 Zostera
822 4450 893 4526 &c
915 4474 1037 4547 quum
1058 4454 1286 4526 contrarius
1303 4448 1400 4522 litus
1423 4448 1461 4516 in
1484 4444 1688 4541 plerisque
1704 4444 1859 4517 semini-

144 4578 229 4651 bus
259 4574 377 4648 nudis
405 4577 529 4669 magis
557 4572 722 4649 usitatus
748 4573 814 4651 fit:
855 4582 970 4653 utin
1003 4578 1280 4662 Graminibus,
1313 4542 1573 4671 Compositis,
1600 4558 1860 4647 Verticillatis

143 4694 394 4776 &Stellatis

1683 4874 1860 4970 Samara,

194 4988 237 5053 ι.)
262 4984 385 5047 Lnuw.
407 4979 426 5045 l.
449 5004 473 5045 c.
