4567 5959
1179 508 1491 578 Ε

1165 759 1430 872 CAPVT
1462 766 1526 873 11

1292 967 1385 1048 DE

721 1123 847 1207 0110
870 1122 955 1202 ET
973 1119 1420 1201 GENITALIBUS
1446 1115 1954 1202 Vuoaraultwu.

485 1417 640 1553 Ovum
661 1477 887 1574 vegetabile
907 1478 1041 1554 omnis
1058 1478 1149 1553 veri
1170 1477 1328 1554 seniims
1347 1477 1611 1578 primordium
1629 1475 1706 1562 est,
1737 1474 1779 1551 dr
1803 1474 1970 1575 perinde
1995 1471 2165 1568 quidem,

483 1598 595 1677 flcuti
618 1624 799 1698 gemma,
827 1626 853 1678 a
869 1603 964 1678 solia
982 1604 1082 1676 ritae
1100 1602 1259 1677 vinum
1280 1603 1535 1702 producitur,
1570 1602 1636 1677 sed
1660 1624 1742 1675 non
1760 1615 1809 1673 ut
1832 1602 1920 1683 illa,
1955 1601 1999 1673 in
2026 1620 2166 1674 novam

483 1726 659 1825 ΨΜ)
674 1728 927 1826 Prwesoere
942 1726 1071 1819 valet,
1107 1725 1181 1800 nili
1194 1729 1327 1826 priua,
1357 1728 1666 1804 soecundationis
1678 1749 1776 1824 ope,
1811 1728 1851 1798 in
1874 1746 2022 1800 verum
2045 1724 2165 1797 semen
2250 1713 2251 1796 ξ

485 1851 609 1930 fuerit
626 1854 877 1930 conversum.
930 1852 1040 1928 Hinc
1053 1849 1128 1935 est,
1153 1851 1261 1946 quod
1276 1875 1403 1928 ovum
1424 1856 1666 1948 regulariter
1682 1873 1888 1944 nunquam
1914 1849 2094 1923 nascatur
2113 1846 2165 1922 so·

485 1979 588 2061 lum,
610 1977 675 2054 sed
692 1979 919 2056 constanter
935 1980 1108 2053 aliorum
1127 1997 1393 2070 organorum,
1416 2002 1525 2054 nunc
1545 1981 1735 2078 propius,
1760 1999 1869 2051 nunc
1888 1977 2084 2050 remotius
2098 1973 2166 2049 ase

485 2103 722 2204 politorum,
754 2105 935 2180 satellitio
957 2103 1142 2202 stipatum
1157 2101 1228 2189 fit.
1256 2116 1305 2180 ut
1318 2127 1462 2181 eorum
1478 2103 1698 2182 ministerio
1717 2103 1768 2178 ad
1789 2101 2083 2202 producendam
2099 2121 2164 2174 uo·

486 2253 578 2308 vam
596 2229 758 2330 stirpem
773 2228 964 2306 reddatur
985 2228 1183 2305 idoneum

578 2421 761 2520 Organa,
799 2425 1022 2525 operationi
1045 2423 1101 2498 illi
1119 2423 1267 2510 dicata,
1296 2427 1549 2525 appellantur
1568 2427 1773 2522 genitalia,
1807 2448 1853 2499 ac
1874 2426 1915 2497 in
1942 2418 2163 2518 vegetabili·

482 2548 578 2634 bna,
601 2552 707 2628 haud
719 2551 891 2628 semmae
909 2553 949 2626 in
962 2551 1215 2635 animantur,
1240 2551 1408 2652 duplicis
1421 2557 1582 2648 gereris
1597 2554 1816 2628 habentur:
1842 2543 2008 2624 mascula
2021 2555 2164 2637 nempe,

481 2697 575 2772 quae
592 2676 830 2754 foecundant
850 2678 1005 2777 sperma
1022 2676 1223 2776 praebent,
1254 2675 1294 2753 dr
1317 2675 1507 2762 feminea,
1538 2701 1714 2775 quorum
1735 2679 1923 2776 princeps
1938 2692 2033 2771 pars
2051 2667 2162 2766 ipsun

482 2799 649 2878 ovulum
671 2803 742 2882 est.
790 2799 906 2880 Sexu
925 2805 1048 2897 igitur
1066 2824 1209 2878 omnes
1229 2803 1377 2902 plantae
1395 2806 1570 2898 gaudere
1589 2800 1796 2881 restiffime
1814 2799 2045 2890 censentur,
2080 2807 2162 2886 quae

481 2931 596 3006 veria
613 2929 788 3026 gaudent
800 2929 1035 3014 seminibusr
1067 2938 1109 3005 at
1130 2929 1209 3028 ipsa
1225 2930 1347 3006 sexus
1367 2952 1537 3023 organa.
1572 2932 1631 3004 uti
1645 2926 1868 3018 sunttione,
1894 2928 1948 2997 ita
1966 2922 2036 2998 vel
2048 2916 2161 2992 maxi·

482 3075 549 3130 me
566 3076 726 3152 quoque
750 3056 818 3132 sua
843 3054 1164 3132 conformatione
1180 3052 1385 3149 insigniter
1401 3057 1505 3130 inter
1519 3059 1557 3133 se
1575 3057 1817 3154 discrepant,
1850 3072 1976 3145 quare
1996 3066 2102 3121 nunc
2119 3038 2161 3112 de

481 3182 664 3276 unaque
678 3180 856 3270 seorsim,
884 3180 1070 3282 &primo
1086 3178 1246 3275 quidem
1270 3179 1320 3254 de
1339 3182 1519 3258 masculis
1545 3185 1624 3258 erit
1643 3180 1862 3272 dicendum.

579 3393 755 3471 Mascula
771 3416 941 3491 organa,
967 3395 1007 3469 in
1025 3394 1172 3493 plantis
1186 3389 1510 3490 perfeetioritus,
1545 3398 1766 3491 generatim
1783 3417 1838 3468 ex
1851 3391 1981 3467 tribus
1994 3383 2160 3488 partibus

482 3520 611 3599 solidis
634 3521 850 3623 composita
874 3517 952 3597 effe
976 3517 1121 3594 solent:
1153 3519 1358 3594 filamento
1378 3518 1455 3592 scil.
1482 3522 1649 3595 anthera
1671 3531 1790 3615 atque
1813 3515 1980 3616 polline,
2026 3510 2160 3608 quibus

480 3647 669 3748 deinceps
690 3667 787 3748 part
809 3645 955 3729 fluida,
979 3643 1047 3718 seu
1067 3644 1222 3744 sperma
1242 3667 1384 3720 verum
1399 3646 1567 3733 accedit3
1592 3648 1776 3722 omnibus
1794 3655 1928 3720 autem
1941 3640 2056 3717 limul
2069 3636 2161 3711 sum·
2220 3641 2223 3648 ’
2252 3719 2253 3722 Ν

480 3778 550 3864 tir,
585 3772 757 3870 staminis
783 3795 928 3849 nomen
951 3771 1018 3848 est

577 3965 805 4046 silamertum
824 3966 883 4044 est
905 3965 1038 4040 intima
1053 3962 1229 4039 staminis
1245 3987 1355 4063 pars,
1395 3988 1487 4060 quae
1507 3921 1677 4059 reliquis
1693 3963 1796 4039 basin
1820 3962 1860 4038 dr
1881 3963 2162 4036 nutrimentum
2252 4069 2253 4078 Ν

482 4091 652 4193 prabet,
694 4093 797 4192 saepe
819 4114 922 4169 vero
951 4093 1113 4188 penitus
1139 4089 1293 4177 deficit,
1326 4094 1394 4168 vel
1416 4094 1550 4168 saltem
1583 4092 1742 4166 dificere
1761 4091 1933 4168 videtur.
1994 4083 2161 4162 Multum

476 4213 619 4314 juvat,
642 4214 935 4292 iumentorum
953 4217 1142 4310 figuram,
1169 4240 1400 4301 uulnerum,
1427 4217 1707 4299 cohaesionem,
1732 4217 2037 4315 proportionem
2054 4215 2160 4296 atque

481 4335 597 4418 situm
624 4352 761 4416 curate
792 4340 1017 4439 inspexisse,
1068 4344 1227 4437 quando
1251 4366 1307 4416 ex
1335 4341 1503 4416 floribus
1530 4343 1685 4441 plantas
1713 4342 1950 4436 cognoscere
1980 4321 2160 4431 cupimus·

482 4468 585 4546 Heic
604 4478 737 4542 autem
759 4467 874 4542 nobis
894 4466 1053 4552 sufficit,
1085 4471 1305 4562 generatim
1324 4467 1540 4542 adnotasse:
1579 4467 1685 4562 quod
1709 4469 1813 4543 inter
1834 4485 1977 4540 omnes
1997 4458 2080 4534 illas
2096 4449 2160 4524 sta·

481 4597 633 4672 minum
653 4545 901 4685 affectiones,
927 4596 1101 4667 maxime
1121 4596 1333 4669 variabiles
1354 4593 1579 4687 sint'figura
1599 4592 1639 4667 δι
1656 4613 1866 4674 numerus,
1892 4581 2055 4682 &quod
2075 4593 2160 4676 pro·

482 4723 633 4821 portio,
657 4717 822 4812 reliquis
837 4718 1103 4803 constantior,
1129 4719 1226 4795 litus
1241 4731 1376 4795 autem
1394 4723 1572 4793 omniurn
1593 4716 1921 4793 constantissimus
1941 4715 1980 4788 ὃ(
1998 4708 2064 4786 vel
2081 4699 2159 4774 ideo

481 4867 641 4942 quoque
662 4854 801 4919 notatu
820 4842 1065 4938 dignissimus
1083 4843 1148 4929 sit,
1173 4868 1305 4919 cuma
1329 4846 1623 4919 filamentorum
1647 4844 1917 4942 proficiscatur
1939 4834 2159 4913 insertione·

481 4983 600 5068 atque
615 4971 719 5054 haec,
746 4972 785 5044 in
805 4972 942 5045 intima
959 4969 1107 5044 florum
1123 4972 1414 5065 organisatione
1437 4969 1626 5063 fundata,
1662 4989 1740 5042 nos
1762 4963 2015 5065 proximead
2032 4947 2160 5034 veram

1447 5089 1449 5092 ⁵
1940 5082 2160 5186 genitalium

2248 1019 2250 1098 l
