4567 5959
509 479 617 538 XCIV
1199 476 1507 536 a
1657 482 1661 489 ’

615 680 621 689 ’
653 680 828 765 batam,
854 697 947 774 quae
962 696 1101 756 veram
1116 674 1273 755 baccam
1293 701 1348 757 en
1365 676 1442 755 ass'e
1461 677 1722 765 aemulantur,
1744 677 1816 757 nifi
1839 679 1948 777 quod
1966 683 2082 761 unico
2101 686 2179 762 dun·

705 816 818 887 taxat
843 806 1013 882 scateant
1035 801 1224 889 officula,
1256 800 1364 880 artte
1389 829 1479 885 cum
1505 808 1653 883 cortice
1679 804 1749 881 suo
1778 806 2181 898 conferruminato,&

708 933 815 1034 quod
832 930 933 1011 istud
948 927 1154 1011 officulam
1174 931 1278 1030 saepe
1293 934 1332 1007 iu
1345 933 1462 1031 plura
1475 933 1743 1012 loculamenta
1759 933 1925 1013 divisum
1939 932 1998 1009 iit.
2048 937 2181 1014 Dantur

705 1066 847 1160 drupae
873 1057 1074 1160 pulposae:
1112 1059 1154 1135 in
1175 1057 1373 1153 Lantana,
1402 1058 1659 1153 Antidesma,
1692 1058 1852 1147 Corum
1881 1058 1922 1137 dt
1944 1064 2133 1141 carnosae:
2155 1069 2183 1140 iu

703 1188 871 1271 Pruna,
893 1180 1152 1285 Etaeooerpo,
1177 1182 1367 1280 Cunetio,
2114 1204 2117 1211 ’

642 1339 806 1449 flirofa,
832 1362 925 1434 quae
942 1338 1100 1434 quidem
1117 1337 1212 1414 dum
1231 1350 1417 1416 recentes
1431 1338 1542 1424 sunt,
1567 1335 1666 1413 nihii
1688 1362 1711 1414 a
1731 1339 1915 1426 babeatis,
1939 1342 1979 1417 δι
1998 1364 2086 1418 cum
2104 1343 2184 1417 adui-

705 1480 785 1563 tae,
808 1465 967 1544 nihilab
988 1463 1166 1543 exsuccis
1179 1464 1343 1545 differre
1360 1466 1571 1551 videntur,
1597 1467 1645 1541 ab
1657 1469 1841 1561 utrisque
1863 1476 1999 1542 tamen
2015 1469 2048 1541 id
2062 1467 2184 1549 distant

413 1652 418 1663 .
509 1590 515 1597 ’
706 1595 815 1693 quod
829 1617 968 1674 earum
988 1602 1131 1667 cortex
1155 1594 1370 1671 maximam
1396 1602 1550 1691 partem
1576 1615 1630 1667 ex
1654 1593 1767 1668 fibris
1788 1592 1932 1676 oiseis,
1959 1617 1981 1667 e
2008 1597 2183 1692 putamine

650 1704 654 1711 d
706 1721 910 1806 oriundis,
937 1728 1156 1799 contextus
1176 1717 1240 1796 iit:
1268 1722 1310 1799 in
1337 1715 1487 1803 Cocco,
1513 1716 1761 1814 Mangifera,
1785 1716 2034 1805 Condondo,
2059 1719 2183 1795 Micro·

703 1873 772 1939 co,
796 1847 976 1933 Pedalie,
1001 1843 1200 1930 Cerbera;

648 2000 816 2104 exsarcca,
840 2024 933 2103 quae
953 2001 1102 2078 cortice
1124 1997 1316 2078 uniformi
1339 1995 1380 2072 ὅ(
1407 1997 1524 2083 ricco,
1558 2018 1687 2091 eoque
1707 1995 1774 2072 vel
1797 1996 2113 2082 membranaceo,
2133 1996 2182 2072 vel

705 2132 903 2212 coriaceo,
929 2126 996 2205 vel
1016 2126 1158 2223 fugoso
1182 2124 1374 2220 gaudent:
1402 2126 1441 2196 in
1468 2121 1710 2221 Sparganio,
1749 2121 2015 2219 Tetragonia,
2053 2122 2182 2206 Gaura,

704 2253 889 2339 Haleiia,
934 2252 1199 2336 Terminalia,
1239 2238 1551 2343 Barringtonia,
1589 2246 1794 2333 Tedtona,
1837 2249 1876 2323 dr
1902 2249 1990 2326 aliis
2018 2253 2182 2351 plurimir.

703 2379 804 2465 Hae,
829 2376 1604 2470 difficillimeanucibusdistinguuntur,
1628 2374 1881 2451 &arbitrarii
1909 2377 1998 2454 fere
2012 2380 2113 2461 sunt,
2134 2377 2183 2469 qui

703 2510 1015 2603 interutrasque
1031 2513 1238 2606 ponuntur
1252 2504 1413 2579 limites.
1461 2501 1616 2601 Drapis
1631 2509 1765 2577 tamen
1783 2506 1939 2601 potius,
1965 2527 2081 2596 quam
2095 2504 2181 2576 nuci·

704 2634 808 2717 bus,
833 2634 1187 2708 annumerabimus
1209 2627 1383 2705 iratius:
1410 2629 1555 2723 quibus
1578 2637 1724 2705 cortex
1743 2627 1800 2703 est
1817 2629 2011 2722 fungosus
2030 2631 2068 2705 br
2090 2628 2181 2707 ualde

711 2756 885 2836 crass'us:
910 2768 957 2835 ut
980 2761 1020 2832 in
1039 2755 1234 2859 Tedtona,
1259 2751 1501 2856 Sparganio,
1526 2751 1780 2849 Amygda103
1797 2766 1875 2830 aut
1901 2757 2047 2850 quibus
2067 2762 2182 2830 cortex

703 2885 864 2979 quidem
887 2887 1019 2960 tennis
1032 2883 1071 2959 br
1088 2883 1438 2967 membranaceus,
1463 2880 1526 2957 sed
1543 2880 1674 2973 figura
1691 2883 1876 2975 anguiata
1891 2885 1959 2960 vel
1974 2884 2017 2959 ἃ
2030 2879 2183 2958 alataest:

704 3013 813 3085 utin
833 3009 1015 3096 Haleiia,
1040 3007 1253 3096 Cercodia,
1278 3005 1433 3092 Gaura,
1458 3003 1719 3091 Terminalia,
1744 3008 1785 3084 δι
1804 3010 1903 3085 aliis.

597 3161 820 3248 Putamen,
845 3162 1094 3241 confutentia
1123 3161 1326 3265 inprimis,
1352 3160 1606 3247 dehiscentia,
1632 3157 1908 3241 loculamentis
1930 3165 1970 3240 δι
1992 3165 2116 3259 figura
2135 3158 2183 3233 sna

502 3298 676 3365 externa
690 3286 836 3367 differt.
1388 3322 1390 3327 v
1942 3282 1946 3289 ’

600 3440 864 3523 confitentia
876 3443 1056 3518 ornnium
1069 3438 1382 3539 frequentiffima
1402 3418 1460 3520 eit
1476 3438 1580 3519 offea
1605 3448 1675 3516 aut
1694 3439 1863 3544 lapidea,
1901 3465 2028 3539 quare
2049 3439 2087 3515 ὃ(
2101 3432 2182 3531 ejus·

501 3567 609 3655 modi
628 3565 783 3644 fruetus
802 3570 1039 3664 germmice.
1063 3565 1348 3651 Satn-Franci
1365 3569 1562 3647 dkuntur.
1614 3563 1694 3643 Sed
1717 3566 1758 3645 dt
1781 3568 1855 3643 alia
1875 3571 2109 3667 quandoque
2126 3584 2181 3663 pu·

500 3696 641 3779 tamini
652 3699 843 3799 competit
854 3704 1036 3773 textina:
1060 3704 1107 3773 ut
1123 3695 1322 3774 crustacea
1339 3694 1512 3791 fragilis,
1537 3697 1580 3773 in
1600 3693 1791 3792 styrace,
1816 3694 2083 3796 Calophyllo,
2106 3692 2181 3766 Bar·

499 3823 723 3919 ringtonia3
749 3824 944 3915 cariacae,
969 3823 1008 3901 in
1030 3820 1275 3927 Hyphaenea
1310 3822 1533 3908 chartacea,
1564 3824 1603 3899 in
1624 3820 1884 3923 Pimpinella3
1911 3823 1950 3899 δι
1974 3821 2130 3917 lignosa,
2153 3819 2180 3888 iu

500 3946 689 4027 Cerbera.
743 3945 806 4031 At
822 3948 1165 4027 membranaceum
1183 3958 1371 4049 putamen
1382 3984 1403 4033 ,·
1421 3949 1528 4044 quod
1550 3948 1640 4025 alibi
1660 3950 1754 4042 (a),
1779 3946 1962 4027 Phoenici
1978 3949 2180 4024 tribuimus,

499 4073 540 4150 δι
563 4075 840 4158 chartaceum,
867 4076 975 4170 quod
997 4072 1144 4149 Arecae
1168 4073 1462 4175 adscripfimus‚
1488 4071 1636 4151 redtius
1664 4098 1740 4173 pro
1765 4097 1874 4152 mera
1896 4078 2032 4151 tunica
2053 4075 2179 4145 interna

499 4202 629 4276 baccae
649 4200 908 4275 uniiocularis
921 4201 1058 4274 haberi
1082 4222 1305 4277 monemus.

594 4380 846 4459 Dehiscentia
867 4385 976 4458 nulla
997 4385 1113 4461 datur
1134 4395 1227 4461 ante
1250 4388 1582 4480 germinationem
1611 4387 1788 4472 seminis,
1820 4383 1890 4460 etsr
1913 4387 1952 4458 in
1975 4375 2178 4477 quibusdam

499 4511 702 4617 manifesta
726 4508 851 4584 adsint
873 4510 1131 4587 valvularum
1157 4514 1318 4596 indicia,
1350 4515 1455 4586 utin
1481 4512 1721 4612 Elaeocarpo
1742 4513 1781 4588 δι
1810 4509 2106 4608 Myrobalanis;
2127 4506 2180 4572 aut

499 4640 684 4732 quamvis
698 4638 789 4726 abia,
815 4637 944 4710 cultro
966 4638 1006 4709 in
1029 4637 1130 4712 duas
1144 4637 1330 4714 valvulas
1352 4638 1464 4714 facile
1482 4640 1578 4714 findi
1598 4649 1765 4733 queant,
1791 4649 1838 4710 ut
1854 4639 1891 4709 in
1907 4636 2064 4717 Pruno,
2092 4626 2177 4702 Con·

498 4764 630 4839 dondo
646 4763 684 4838 ὅ(
698 4760 886 4837 Cerbera
935 4763 980 4836 In
996 4767 1132 4863 paucis
1154 4775 1286 4838 tamen
1307 4767 1557 4865 incompletae
1570 4766 1748 4843 valuuiae
1770 4769 1808 4839 in
1824 4767 1977 4841 vertice
1992 4750 2178 4861 putaminis

1986 4888 1992 4915 ⁸
2047 4875 2175 4980 reperi·

539 5052 579 5118 ι.)
602 5041 672 5106 vide
695 5041 776 5105 infra
798 5048 921 5108 Centur.
946 5068 974 5130 p.
1003 5065 1046 5118 23.
