4567 5959
825 475 1160 576 &a
1797 504 1846 584 25

283 712 437 779 coriacea.
488 711 576 780 Caro
601 729 723 802 pauca,
763 728 822 802 per
842 707 1064 777 maturitatem
1088 722 1156 775 tota
1176 704 1212 773 in
1233 699 1328 773 libras
1345 694 1521 775 ¹secedente
1554 700 1644 775 fibris
1665 704 1789 777 incinit
1809 707 1846 779 iu

280 809 425 876 tunicam
447 801 660 876 loculamenti
680 805 906 882 chartaceum,
934 798 1175 883 tenuissimam,
1198 797 1377 897 pallidam,
1401 807 1559 875 connatis.

179 932 289 1098 Rrec.l
313 923 625 1097 surripplutdbrevis,
663 922 780 999 semini
806 924 961 1011 adnatus,
996 920 1140 998 esundo
1157 922 1372 997 loculamenti
1396 921 1437 996 ad
1459 923 1616 1024 papillam
1640 932 1709 1021 ejus
1730 926 1844 1005 latera·

291 1052 379 1097 ema
415 1052 476 1098 cen
502 1050 568 1098 ens.

178 1155 282 1226 Sunt.
308 1152 464 1235 unicum,
490 1149 554 1224 bast
569 1146 745 1233 adnutum,
770 1143 990 1249 sphaericum,
1016 1146 1095 1219 striis
1114 1145 1285 1245 depressit,
1311 1154 1464 1233 arcuatia,
1487 1149 1721 1233 reticulatum,
1754 1156 1841 1223 cine·

278 1274 336 1320 reo
352 1243 501 1321 fuscum:
525 1247 590 1321 basr
606 1268 759 1320 notatum
774 1273 846 1318 area
861 1244 1039 1317 umbilicali
1053 1242 1214 1344 oblonga,
1239 1242 1509 1344 deprelliuscula,
1542 1257 1576 1323 dt
1589 1243 1685 1348 supra
1701 1250 1785 1321 hanc
1803 1253 1840 1323 in

277 1344 400 1429 latere,
424 1345 544 1445 papilla
561 1351 699 1443 exigua,
724 1344 945 1434 embryonetn
960 1343 1146 1440 obtegente.
1782 1356 1786 1363 ’

176 1477 226 1544 Iu
237 1496 274 1543 τ.
300 1469 458 1568 simplex',
483 1468 702 1552 crullaceum,
727 1462 904 1540 introrsum
925 1465 1123 1564 processibus
1146 1469 1307 1552 audium,
1332 1498 1351 1541 a
1371 1469 1490 1544 nucleo
1506 1494 1575 1543 non
1590 1465 1736 1545 solubile.

173 1596 275 1669 'litu
305 1586 574 1694 cartilaginem,
605 1600 827 1676 ruminatum,
860 1619 900 1666 ex
920 1590 996 1667 albo
1012 1601 1045 1667 dt
1062 1588 1252 1693 ferrugineo
1267 1599 1413 1679 varium,
1445 1600 1480 1667 in
1505 1593 1619 1669 medio
1638 1595 1838 1698 plerumque
1856 1682 1860 1688 Ι

280 1698 416 1766 cavitate
432 1687 616 1792 compressa
630 1688 844 1791 exsculptum.

173 1823 285 1894 Eua.
309 1845 444 1918 parvus,
469 1824 621 1913 conicus,
645 1816 752 1890 lacieo
766 1816 925 1900 albicans,
951 1814 1181 1901 horizontalis,
1205 1822 1240 1889 in
1258 1817 1358 1890 latere
1369 1812 1500 1892 seminia
1519 1817 1632 1895 medio
1651 1822 1785 1894 harene.

268 2158 316 2226 a.)
335 2155 422 2213 Bacca
434 2156 556 2226 integra,
573 2154 669 2213 mediae
687 2151 893 2223 magnitudinis.
955 2154 1003 2221 b.)
1022 2148 1143 2212 Eadem,
1171 2165 1219 2220 per
1233 2152 1416 2207 maturitatem
1431 2152 1523 2222 sponte
1536 2152 1563 2208 in
1584 2152 1666 2209 librae
1686 2155 1836 2217 dehiscens.

266 2252 315 2315 e.)
333 2249 463 2317 Ejusdem
484 2242 560 2304 lertio
583 2248 806 2317 longitudinalis,
824 2262 886 2300 cum
901 2244 999 2299 lemine
1016 2244 1045 2297 in
1065 2243 1114 2297 suu
1135 2244 1259 2296 naturali.
1309 2245 1359 2314 d.)
1374 2245 1472 2307 Semeu
1487 2246 1640 2308 inversum,
1671 2262 1761 2300 aream
1777 2266 1837 2302 um·

266 2341 398 2397 bilicalem
414 2342 553 2396 exhibens.
601 2346 645 2412 e.)
665 2341 801 2396 Albumeu
814 2337 976 2394 verticaliter
993 2336 1101 2397 ledum,
1149 2334 1190 2405 l.)
1209 2334 1450 2402 Embryonlasrtua
1469 2339 1498 2394 da
1520 2338 1679 2407 metuendo
1692 2340 1837 2395 naturaie.

265 2433 318 2501 Β.)
334 2434 411 2489 Idem
424 2434 527 2489 sotatur
541 2434 568 2489 dt
587 2432 688 2489 ausina.

116 2576 344 2648 Eurum
362 2569 502 2672 pifisera.
526 2573 604 2648 ibid.

218 2704 250 2774 E
275 2697 405 2773 colledl.
430 2695 510 2772 sem.
535 2702 622 2773 hort.
648 2695 762 2797 lugdb.

242 2830 342 2900 llacca
371 2819 522 2921 sphaerica
548 2827 633 2919 (a),
664 2819 803 2923 superne
828 2828 864 2895 in
891 2827 1019 2921 apicem
1042 2821 1277 2899 brevissimum
1299 2822 1478 2924 produdla,
1520 2820 1747 2924 magnitudine
1765 2824 1830 2899 Pisi

269 2925 474 2993 communie.
524 2927 648 2995 Cortex
659 2927 793 3004 tenuis,
830 2921 1031 3005 crullaceus,
1063 2917 1205 3091 fragilis,
1234 2929 1269 2995 in
1292 2923 1422 2997 vetuslie
1447 2918 1605 2995 fundibus
1631 2921 1828 3092 plerumgue

266 3013 382 3091 sonte
400 3014 582 3094 abscedens.
632 3025 719 3094 Caro
739 3013 874 3101 librosa,
901 3013 1027 3090 inferne
1065 3045 1107 3090 ua
1121 3046 1132 3091 r
1148 3025 1183 3091 in
1201 3019 1428 3119 pedunculum
1456 3021 1509 3110 (b.
1526 3027 1561 3095 B.
1582 3024 1626 3113 c)
1648 3019 1755 3119 produ
1790 3047 1829 3090 a:

294 3118 355 3187 bris
375 3142 444 3188 nou
460 3111 720 3201 dehiscentibus,
743 3111 797 3188 sed
813 3112 944 3214 rigidis,
971 3044 1095 3199 crallls,
1121 3136 1213 3188 extus
1226 3124 1262 3189 in
1277 3117 1363 3189 llriat
1384 3116 1640 3214 longitudinales
1661 3117 1830 3200 elevatas,

268 3216 356 3285 intus
373 3239 451 3287 vero
473 3218 508 3284 in
530 3220 676 3287 tunicam
691 3212 904 3285 loculamenti
923 3219 1089 3314 propriam
1111 3215 1206 3305 (c),
1232 3215 1455 3296 crustaceam,
1493 3213 1707 3313 laevigatam,
1745 3209 1828 3286 satu·

264 3330 333 3381 rate
354 3311 558 3395 callaneatn,
584 3308 886 3386 corfferruminatis.
935 3317 1057 3384 Semen
1082 3316 1132 3402 (c.
1147 3311 1206 3402 d.)
1231 3308 1483 3410 subglobosum,
1532 3310 1628 3383 allide
1647 3306 1825 3397 lutescens,

263 3404 340 3478 laxo
361 3407 511 3480 llriarum
532 3408 674 3481 reticulo
701 3409 911 3503 inscriptum,
940 3402 1043 3480 fovea
1056 3407 1258 3493 urnbilicali,
1282 3415 1317 3480 in
1334 3407 1443 3481 media
1465 3337 1531 3481 bal
1549 3406 1636 3503 (d),
1670 3428 1767 3508 atque
1782 3434 1825 3481 ex

266 3528 322 3587 ea,
348 3501 437 3577 sulco
456 3504 497 3575 ad
512 3506 705 3597 embryonis
723 3501 832 3578 sedem
858 3498 1070 3577 adscendente
1090 3510 1153 3598 (c)
1178 3526 1356 3578 exaratum.
1412 3512 1483 3578 Inte
1507 3523 1684 3578 umentum
1702 3524 1825 3590 tenue,

266 3601 580 3684 membranaceum,
604 3598 761 3677 solubile..
801 3600 971 3674 Albumen
993 3606 1049 3695 (e.
1066 3606 1128 3693 E.)
1160 3603 1430 3702 cartilagineum,
1455 3531 1587 3685 album,
1618 3626 1722 3700 prope
1765 3607 1825 3672 eri·

263 3700 414 3864 pheriam
431 3724 532 3797 parce
544 3705 760 3772 ruminatum.
800 3698 953 3789 Embryo
982 3698 1031 3792 (l.
1047 3701 1110 3788 F.)
1136 3706 1229 3772 tereti
1244 3718 1447 3792 attenuatur,
1473 3696 1704 3783 horizontalis,
1727 3628 1822 3770 dluti-

290 3798 322 3866 io
342 3790 466 3866 semine
485 3793 664 3870 transverso
685 3796 785 3895 paulo
809 3793 951 3890 longior.

240 3912 318 3991 Obs.
339 3914 462 3994 Differt
485 3926 586 3994 Eutre
610 3922 683 3994 eab
698 3930 821 4004 Areua,
853 3919 946 3994 sicuti
965 3922 1084 3996 traditis
1105 3950 1123 3993 a
1147 3928 1284 4016 Cocco,
1317 3918 1379 3993 situ
1393 3943 1516 4015 nempe
1531 3917 1725 4011 embryonis
1745 3919 1822 3993 late·

266 4014 336 4088 rali.
385 4024 495 4090 Etiam
515 4023 552 4091 in
584 4016 706 4120 pudicis
728 4012 857 4105 forma,
887 4023 1003 4116 ingens
1020 4023 1166 4093 inveniet
1188 4013 1380 4110 discrimen,
1409 4013 1435 4089 st
1459 4021 1724 4093 huaaarua
1748 4017 1773 4101 l,
1790 4045 1821 4094 c.

265 4107 435 4185 consulere
458 4112 549 4188 velia.

211 4389 347 4466 XXX.
373 4390 817 4472 CHAMAERIPHES.
843 4394 1033 4473 Portuno.
1062 4344 1594 4519 Chamaerops.L1utt.gea.
1621 4419 1713 4498 1219.

211 4597 328 4675 flores
349 4598 586 4699 androgyni&
607 4598 762 4687 masculi,
792 4610 937 4677 nuncin
960 4632 1032 4678 uno
1052 4610 1244 4700 communi,
1278 4630 1367 4678 nunc
1386 4601 1522 4679 masculi
1544 4601 1605 4679 soli
1619 4610 1655 4676 in
1675 4600 1820 4704 separato

258 4696 402 4770 caudice.
452 4697 797 4796 spatha-universalis,
822 4699 931 4776 bifida.
981 4703 1089 4795 Calyx
1108 4710 1255 4806 utrisque
1268 4703 1497 4803 hexaphyllus.
1548 4700 1684 4779 Corolla
1702 4702 1819 4775 andro·

254 4806 355 4890 gynis
374 4796 539 4893 trtpetala,
575 4798 688 4888 calyce
707 4799 848 4897 longior.
898 4806 1001 4875 Stant.
1020 4795 1074 4873 sex
1092 4800 1132 4873 ad
1156 4824 1290 4876 novem.
1339 4809 1449 4879 Baccae
1462 4818 1545 4885 trec,
1568 4796 1712 4900 superae,
1748 4802 1818 4871 uui·

257 4891 433 4968 ioculares.
484 4894 654 4971 Albunea
671 4901 886 4971 runuinatutn.
933 4898 1088 4990 Embryo
1101 4898 1251 4974 lateralia

942 5050 982 5127 D
1718 5050 1818 5123 Cun-¹
