4567 5959
807 534 1114 596 m
1740 531 1816 590 cul
1893 558 1898 564 ·

1 772 27 844 p
104 742 226 829 dant,
280 744 330 816 ut
346 736 541 838 proxime
561 734 659 816 'tum
679 733 819 816 Vitelli
842 735 1001 814 dotibus
1022 746 1143 833 atque
1171 729 1557 831 indolffcongruere
1585 739 1819 839 videantur3

1 855 25 976 p
108 866 359 965 quarundam
381 887 518 944 earum
540 865 710 942 brevem
738 861 930 940 faciemus
948 867 1221 948 mentionem,
1254 870 1307 936 ut
1319 864 1389 940 vel
1411 864 1589 964 exempli
1609 866 1698 945 loeo
1718 870 1819 960 effe,

6 1033 27 1102 p
107 997 198 1084 uel,
220 994 447 1081 srlibuerit,
474 989 599 1073 intell
604 989 724 1092 spurii
738 990 903 1070 nornine
924 1014 950 1068 a
967 988 1135 1092 reliquis
1150 988 1334 1085 distingui
1353 997 1525 1086 queant
1806 993 1809 1000 ’

207 1238 321 1315 Inter
345 1238 419 1313 hac
437 1235 651 1313 Rhizoboli
668 1232 807 1316 Pano
826 1235 996 1311 nucleus
1014 1235 1190 1334 primum
1213 1243 1393 1312 meretur
1411 1235 1556 1312 locum.
1605 1235 1823 1316 Grandiffi·

111 1366 213 1443 mus'
228 1367 295 1440 ille
321 1363 400 1458 est,
433 1372 546 1439 totus
572 1362 783 1439 solidus&
808 1362 1064 1458 amygdalino
1093 1362 1300 1447 carnosus,
1339 1382 1582 1459 omnemque
1606 1367 1718 1444 testae
1743 1369 1824 1444 suae

112 1491 202 1568 fere
223 1490 332 1568 solus
348 1490 482 1590 replet
500 1491 734 1567 cavitatem:
759 1507 817 1565 ex
832 1490 1024 1563 anteriori
1040 1487 1175 1563 autem
1192 1489 1258 1562 sua
1273 1486 1350 1562 bali
1371 1489 1536 1567 brevem
1557 1491 1825 1595 &ancipitem

1 1641 17 1710 4,
113 1619 267 1717 promit
280 1617 457 1717 scapum,
483 1619 553 1711 qui
566 1617 714 1692 sursum
736 1613 914 1691 inflexus
940 1615 1157 1692 &duobus
1184 1615 1333 1692 foliolis
1346 1613 1621 1711 cotyledoneis
1637 1623 1825 1694 termina-

1 1781 27 1840 ς
114 1750 203 1836 tus,
235 1742 377 1818 nucleo
399 1744 556 1818 inferne
575 1741 780 1819 decumbit.
829 1738 950 1818 Patet
965 1743 1123 1842 quidem
1146 1765 1202 1823 ex
1221 1743 1309 1828 his,
1331 1743 1445 1844 ‚quod
1464 1744 1602 1843 scapus
1621 1745 1710 1831 ille,
1742 1770 1827 1819 em·
1881 1783 1886 1799 ·

114 1869 221 1965 bryo
242 1892 387 1957 verus,
429 1872 598 1946 nucleus
621 1877 775 1953 autem,
809 1867 940 1945 stricte
968 1867 1196 1965 loquendo,
1231 1869 1331 1943 nihii
1350 1868 1456 1944 aliud
1478 1869 1543 1955 iit,
1582 1893 1701 1966 quam
1718 1871 1827 1954 istius

1 2027 26 2097 jz:
118 1995 354 2091 embryonis
370 1996 562 2082 radicula,
601 1999 642 2071 in
658 2017 867 2072 enormem
883 1996 1018 2072 saltem
1039 1997 1144 2071 illam
1164 1997 1313 2071 molem
1336 1998 1546 2096 ampliata;
1586 2010 1628 2074 at
1641 2001 1830 2093 quoniam

1 2151 27 2227 ,53
118 2122 206 2197 haec
234 2124 427 2209 radicula,
453 2123 501 2197 ab
527 2123 714 2198 omnibus
734 2119 928 2199 hactenus
946 2125 1117 2220 cognitis
1134 2120 1410 2208 diverliffima,
1435 2122 1574 2198 testam
1598 2125 1704 2198 suam
1732 2146 1832 2197 nun·

3 2303 26 2352 :2
122 2270 238 2344 quam
267 2239 596 2347 exuere'potest,
627 2250 691 2326 sed
710 2269 842 2326 novas
864 2247 904 2324 dr
920 2269 1039 2328 veras
1058 2248 1252 2326 radiculas
1276 2250 1344 2326 sub
1364 2250 1653 2344 germinatione
1670 2250 1830 2324 demum

9 2431 18 2478 :
125 2376 232 2450 exse
256 2375 481 2476 producere
503 2376 638 2464 debet,
677 2385 725 2452 ut
746 2376 881 2477 planta
900 2387 1023 2453 terrae
1038 2376 1242 2471 affigatur:
1286 2375 1374 2452 ideo
1396 2396 1555 2472 quoque
1578 2388 1722 2450 natura
1742 2361 1830 2469 ejus

15 2591 19 2600 ¹
127 2502 303 2599 ambigua
330 2503 371 2579 dr
385 2501 527 2581 Vitelli
543 2502 833 2597 quodammodo
853 2505 998 2582 aemula
1015 2505 1165 2579 censeri
1186 2501 1330 2606 potest.

219 2739 265 2817 ln
284 2740 420 2843 Trapa
439 2741 574 2820 similis
598 2745 768 2820 nucleus
791 2745 1002 2821 anomalus
1026 2746 1212 2822 occurrit.
1282 2742 1605 2839 Magnitudinem
1620 2745 1771 2843 'nempe
1788 2744 1835 2820 'dc

1 2856 5 2871 '
130 2864 292 2944 formam
317 2867 431 2946 testae
458 2872 620 2948 cavitati
641 2872 948 2971 respondentem
972 2895 1018 2944 ac
1039 2871 1328 2948 confistentiam
1353 2894 1515 2968 quoque
1541 2870 1836 2968 amygdaloide-

1 3017 26 3089 ²¹:
132 2995 351 3082 am‘habet,
378 3007 499 3092 atque
521 3007 634 3074 totus
649 2999 795 3074 solidus
817 2998 893 3083 est;
919 3023 942 3072 e
963 3001 1117 3074 vertice
1138 3008 1271 3072 autem
1296 2997 1366 3073 suo
1382 3007 1553 3073 teretem
1572 3000 1724 3100 promit
1741 2997 1838 3072 radi·

1 3159 20 3212 ,-
133 3123 278 3209 culam,
308 3146 400 3218 quae
419 3125 521 3223 ipsa,
553 3124 674 3223 paulo
692 3125 809 3224 supra
834 3135 970 3200 ortum
994 3126 1132 3210 suum,
1166 3125 1405 3198 minutulam
1428 3126 1534 3220 gerit
1556 3123 1840 3220 cotyledonem

1 3300 18 3345 5,
133 3247 457 3345 squamiformem,
481 3250 538 3336 dc,
558 3251 673 3347 'quod
691 3252 825 3352 'probe
852 3250 1092 3337 notandum,
1138 3275 1161 3325 a
1185 3251 1331 3325 nucleo
1357 3252 1439 3349 ipso
1456 3252 1618 3349 penitus
1640 3259 1840 3336 remotam

133 3382 246 3469 atque
263 3377 521 3472 segregatam.
570 3374 710 3454 Potest
734 3382 868 3474 itaque
891 3378 956 3454 hic
973 3378 1159 3461 nucleus,
1186 3384 1283 3471 quin
1300 3377 1417 3453 debet
1436 3376 1623 3452 suadente
1640 3377 1841 3469 analogia,

9 3544 31 3592 ὗ,
133 3523 205 3597 pro
225 3499 372 3599 majore
385 3504 547 3580 seminis
563 3503 807 3599 cotyledone
826 3505 986 3588 haberi;
1012 3503 1077 3579 sed
1097 3505 1221 3598 quiaa
1236 3506 1392 3578 minore
1413 3504 1495 3588 illa,
1522 3512 1661 3579 contra
1678 3525 1841 3576 omnem

134 3629 472 3713 consuemdmem,
507 3632 672 3707 notabili
687 3632 811 3730 spatio
835 3630 965 3715 distat,
1000 3641 1120 3724 atque
1139 3628 1208 3702 sub
1231 3631 1523 3722 germinatione
1546 3649 1748 3721 nunquam
1764 3651 1841 3700 ex-

12 3791 35 3838 e
135 3759 197 3826 tra
221 3753 356 3831 testam
383 3752 573 3832 effertur:
613 3758 707 3832 hinc
726 3778 888 3851 quoque
910 3754 1026 3830 dubia
1047 3756 1106 3831 est
1127 3749 1215 3849 ejus
1239 3754 1454 3831 indoles&
1472 3754 1612 3832 Vitelli
1634 3754 1842 3852 proxima,

1 3917 34 3991 ᾗ
136 3890 248 3975 atque
272 3883 351 3981 ipsa'
368 3878 502 3980 Trapa
521 3882 954 3982 monocotyledonibus
969 3882 1135 3980 plantis,
1167 3884 1226 3956 uti
1250 3877 1522 3958 Anansouus
1540 3900 1701 3976 quoque
1722 3877 1842 3977 suipi.

3 4003 10 4058 ἶ
137 4018 242 4085 cetus
262 4007 339 4094 est,
373 4007 617 4087 vicinillima,
966 4015 970 4022 ‘

227 4217 414 4318 Denique
429 4246 504 4300 nec
524 4221 804 4323 Cotyledones
824 4225 1039 4324 hypogaeae
1061 4223 1086 4301 s.
1106 4222 1390 4301 subterrestres
1405 4222 1494 4298 heic
1508 4217 1723 4295 reticendae
1743 4217 1845 4292 sunt:

1 4405 44 4457 ψ
139 4349 314 4436 quamvis
334 4352 441 4425 enim
464 4362 636 4452 propter
648 4351 873 4448 regularem
895 4351 1003 4426 suam
1024 4349 1215 4436 formam,
1241 4349 1469 4452 &propter
1493 4345 1726 4428 radiculam,
1749 4342 1846 4418 sem·

1 4460 40 4599 '5
137 4487 208 4564 per
221 4484 338 4550 extra
351 4476 471 4553 lobes
494 4479 599 4577 ipsos
620 4477 807 4577 politam,
832 4500 908 4554 nec
921 4478 972 4581 ⁴ab
987 4500 1130 4551 eorum
1146 4475 1355 4554 substantia
1376 4472 1616 4557 contectam,
1641 4471 1848 4564 areliquis

3 4659 51 4722 ff.
137 4603 438 4696 cotyledonibus
461 4608 573 4681 veris
598 4607 798 4702 segregari
821 4628 896 4681 nec
915 4603 1061 4704 poffint
1077 4629 1152 4684 nec
1171 4606 1359 4691 debeant;
1384 4615 1518 4680 tamen
1539 4602 1639 4683 illae,
1667 4597 1717 4670 ob
1741 4595 1849 4672 suam
1970 4655 1972 4658 -

23 4785 31 4798 ,
138 4731 380 4817 germinandi
403 4733 696 4830 impotentiam,
730 4733 953 4833 &propter
972 4735 1090 4808 lobes
1114 4733 1226 4816 suos,
1269 4732 1371 4831 saepe
1398 4734 1435 4804 in
1456 4751 1579 4803 unum
1603 4742 1750 4820 corpus
1766 4721 1847 4792 soli-

1 4885 53 4982 ὣς
139 4849 227 4929 dum
242 4859 537 4942 coalescentes,
561 4867 612 4932 ut
632 4864 672 4934 in
686 4859 899 4950 Paullinia‚
925 4857 1161 4956 Tropaeolo,
1190 4855 1486 4956 Hippocastano
1504 4855 1574 4929 &c
1591 4852 1689 4926 adeo
1705 4867 1849 4946 parum

33 5005 51 5072 ρ
139 4979 321 5061 avicello
338 4983 497 5068 distant,
519 4993 566 5059 ut
585 4986 838 5063 art'tissimum
854 4988 993 5085 potius
1011 4990 1115 5060 inter
1130 4986 1218 5058 haec
1234 4987 1391 5065 viscera
1410 4979 1630 5055 intercedat
1647 4975 1850 5049 affinitatis

1084 5131 1091 5134 ⁴
1640 5102 1849 5181 vmmmm
