4567 5959
1224 529 1527 589 ...-.¹-¹-''¹-.......-.¹''

1004 962 1008 971 ,
1158 805 1421 918 cnrvr
1479 807 1568 915 1x.

1317 1030 1413 1108 DE

767 1212 1279 1302 INTEGVMENTIS
1307 1211 1612 1295 SEMINVM
1634 1209 1955 1296 PROPRIIS.

1142 1442 1590 1470 m«

506 1619 705 1762 Tunica,
734 1695 828 1772 quae
853 1674 979 1775 ipsum
999 1675 1167 1765 seminis,
1186 1673 1373 1779 nucleum
1399 1669 1640 1757 iuvestiunt,
1672 1691 1747 1749 nec
1770 1672 1819 1749 ab
1838 1695 1889 1749 eo
1907 1690 2096 1769 unquam,
2122 1672 2176 1748 nil

507 1801 577 1879 sub
595 1804 904 1899 germinatione,
928 1802 969 1879 dt
992 1824 1045 1879 ne
1063 1813 1160 1878 tunc
1175 1798 1333 1897 quidem
1348 1800 1508 1900 sponte,
1533 1797 1891 1875 sedatumentibus
1904 1798 2176 1896 cotyledonibus

506 1929 786 2024 irregulariter
804 1927 1017 2031 disruptae,
1042 1927 1247 2022 ieceduut,
1271 1927 1493 2024 generatim
1512 1923 1672 2000 seminis
1695 1924 1935 2023 Integameatu
1959 1918 2106 2024 propria
2124 1950 2175 2004 vo

507 2066 667 2142 cantur,
694 2055 734 2132 dt
749 2058 790 2131 in
808 2053 940 2159 lislam
952 2066 1071 2152 atque
1088 2050 1333 2132 Membranam
1348 2054 1519 2129 internam
1532 2052 1820 2151 dispescuntur.
1869 2050 1965 2128 Alia
1979 2076 2080 2131 vero
2091 2055 2174 2130 feui-

506 2203 605 2257 num
620 2181 873 2266 indumenta,
897 2203 989 2277 quae
1003 2184 1109 2258 inter
1121 2181 1260 2293 testam
1277 2189 1398 2274 atque
1417 2181 1685 2277 pericarpium
1699 2178 1828 2254 medio
1842 2179 1934 2255 Ioco
1947 2178 2088 2279 polita,
2108 2202 2175 2255 cum

504 2310 634 2411 priori
651 2308 790 2383 intime
809 2298 1014 2393 eonneita,
1041 2330 1086 2382 ac
1104 2308 1361 2407 paucioribus
1382 2305 1580 2382 duntaxat
1596 2304 1810 2380 seminibus
1833 2303 2011 2380 eoneess'a
2022 2308 2122 2391 lunt,
2141 2303 2176 2379 ad

505 2435 748 2533 integumenta
775 2431 957 2536 mcelloriu
990 2435 1140 2513 referri
1175 2443 1295 2530 atque
1329 2428 1567 2533 Epidrrmldt's
1604 2431 1645 2509 δι
1677 2427 1790 2512 Arilla·
1829 2432 1995 2507 nomine
2027 2429 2176 2531 vinfiguiri

357 2553 363 2566 ’
504 2558 644 2637 solent

603 2742 641 2823 Τ
648 2765 781 2825 asra
806 2743 1064 2828 estexterius
1079 2751 1238 2831 seminis
1248 2752 1589 2849 integumentum,
1613 2747 1643 2824 ss
1664 2743 1755 2827 duae
1776 2742 1903 2825 adsint
1917 2750 2062 2824 tunicae
2074 2744 2174 2822 nuclei

503 2875 705 2974 propriam
727 2871 785 2948 lin
800 2877 916 2952 unica
928 2878 1089 2964 saltem,
1110 2887 1208 2954 tunc
1225 2880 1291 2954 illa
1307 2880 1386 2979 ipsa
1404 2901 1481 2979 pro
1496 2877 1594 2954 testu
1606 2876 1802 2961 habetur3
1824 2876 1884 2985 dt,
1909 2876 1942 2949 fl
1955 2858 2098 2952 duabus
2111 2873 2174 2949 lue·

504 3001 588 3074 rint
602 3001 761 3100 plures,
786 3007 884 3076 tunc
897 3001 1065 3079 secunda
1085 3027 1110 3078 a
1128 3004 1290 3091 nucleo,
1313 3003 1413 3081 tella
1427 3006 1506 3080 erit
1521 3003 1693 3081 dicenda.
1742 2999 1971 3077 Essentialis
1992 2998 2150 3100 nempes
2161 3038 2173 3058 ·

503 3126 624 3201 minis
637 3146 732 3224 pars
751 3125 942 3213 telta'est,
967 3133 1059 3226 quia
1079 3129 1270 3217 nucleus,
1293 3132 1334 3207 iu
1358 3133 1554 3230 principio
1578 3130 1692 3206 totu's
1706 3125 1878 3214 fluidus,
1902 3129 2054 3225 absque
2070 3126 2173 3201 tunica

502 3248 572 3327 libi
589 3251 864 3352 circumpolita
886 3253 1053 3332 formari
1073 3278 1158 3333 non
1175 3255 1321 3358 posset:
1348 3257 1442 3332 hinc
1465 3257 1531 3331 illa
1550 3277 1756 3353 nunquam
1783 3255 1933 3341 delicit,
1960 3256 2002 3331 dr
2020 3251 2172 3350 quamvis

503 3377 768 3454 innonnullis
784 3377 981 3458 &ustibus
997 3385 1125 3483 probe
1150 3384 1338 3466 maturis,
1361 3381 1509 3459 semina
1533 3387 1642 3459 omni
1662 3386 1939 3478 integumento
1963 3381 2116 3481 prorius
2126 3400 2171 3453 ca·

503 3524 597 3578 rere
607 3498 819 3581 uideantur
831 3514 952 3603 atque
968 3532 1110 3605 macca,
1135 3510 1188 3585 ob
1198 3507 1417 3586 nuditatem
1432 3510 1564 3585 nuclei
1582 3509 1786 3584 dicantur:
1807 3510 1911 3584 utin
1923 3505 2171 3607 Rhizophoru

504 3625 705 3726 Greggia,
736 3628 1009 3732 Jambclifera,
1040 3632 1339 3736 Caryophyllo,
1371 3632 1510 3710 Lauro
1537 3636 1617 3723 &03
1648 3644 1782 3712 tamen
1807 3637 1849 3709 in
1874 3635 1938 3710 his
1968 3633 2073 3733 ipfis,
2103 3638 2171 3706 ante

501 3756 661 3855 plenam
671 3755 779 3835 suam
793 3765 1081 3856 maturitatem,
1103 3761 1202 3839 testa
1219 3761 1350 3846 adest,
1374 3770 1493 3858 atque
1507 3783 1705 3862 apparens
1719 3756 1808 3857 ejus
1827 3756 2008 3837 defedtus
2022 3758 2104 3836 inde
2119 3754 2170 3832 dl·

501 3889 585 3960 tem
604 3885 822 3984 provenit,
851 3885 958 3980 quod
984 3886 1101 3967 ovuli
1117 3890 1270 3974 tunica,
1295 3909 1388 3964 eum
1411 3887 1548 3964 senlim
1574 3890 1616 3962 in
1644 3888 1809 3964 modum
1831 3893 2090 3979 extenuetur,
2119 3885 2171 3954 aut

501 4028 591 4083 cum
603 4010 814 4110 pericarpii
829 4011 1048 4110 parietibus
1066 4015 1119 4089 ita
1141 4014 1527 4101 conferruminetur,
1552 4023 1601 4090 ut
1622 4037 1645 4090 a
1669 4012 2101 4111 nucleo-'nontamplius
2117 4001 2171 4081 dil·

499 4136 631 4218 serni,
656 4137 725 4231 vel
743 4133 784 4211 dt
802 4134 850 4211 ab
870 4136 948 4214 hoc
964 4136 1146 4225 facilius,
1167 4160 1285 4234 quam
1311 4162 1335 4214 a
1354 4142 1577 4240 pericarpio
1597 4138 1770 4239 separari
1788 4136 1929 4239 polilt:
1954 4137 2063 4213 licuti
2081 4134 2169 4236 prius

498 4257 705 4338 manifeste
719 4262 761 4336 iu
773 4259 1053 4364 Rhizophora,
1078 4265 1119 4342 dt
1140 4265 1340 4367 posterius
1357 4269 1399 4340 in
1419 4263 1557 4341 Lauro
1583 4265 1732 4341 accidit
1781 4260 1865 4341 Sed
1883 4267 1924 4338 in
1943 4264 2111 4339 maximo
2126 4257 2169 4332 le·

498 4386 652 4461 minum
665 4407 836 4465 numero
850 4392 928 4465 rite
939 4392 1146 4492 conspicua
1164 4389 1222 4468 est
1238 4390 1355 4478 testa,
1379 4400 1496 4488 atque
1510 4389 1757 4470 conlistentiai
1770 4389 1838 4468 sua
1856 4388 2103 4487 sequentibus
2117 4405 2169 4484 pu

499 4507 687 4588 tiffimum
705 4512 838 4591 mons
853 4518 1007 4594 variata
1152 4506 1158 4517 ⁴

596 4720 852 4807 mmrbranocca
872 4732 1058 4809 omnibus
1078 4734 1249 4833 reliquis
1262 4733 1423 4811 tenuior
1443 4730 1501 4809 est
1521 4732 1562 4809 dr
1583 4733 1623 4808 in
1643 4728 1856 4810 seminibus
1879 4730 2024 4817 nudas,
2048 4718 2167 4804 cartila·

497 4846 661 4946 ginoiis,
687 4862 758 4928 aut
772 4877 867 4951 quae
885 4860 989 4934 intra
1001 4860 1271 4937 loculamenta
1293 4857 1395 4934 oliea
1411 4859 1480 4935 vel
1500 4880 1679 4958 pyrenas
1699 4860 1875 4945 haerent,
1914 4859 2098 4954 frequens
2116 4868 2165 4922 oc-

496 4979 633 5055 currit
681 4977 834 5058 Differt
859 4986 1040 5086 inprimis
1068 4989 1288 5076 tenuitate,
1323 4985 1589 5086 pelluciditate
1612 4985 1653 5062 dt
1678 4992 1888 5067 tenacitate
1912 4988 2005 5066 soa:
2033 4981 2077 5058 lu
2098 4973 2164 5114 alili

677 5152 680 5161 ·
2083 5115 2166 5179 euru

2122 1250 2127 1257 ’
2237 1246 2239 1305 l

2237 1308 2239 1341 l
