4567 5959
799 529 1107 564 “““““““““““
1710 541 1794 596 uu

801 565 1104 586 ..ιι-ι*

112 759 218 815 mens
243 738 416 813 humana
436 734 652 835 stupescat:
678 736 772 831 quid
792 737 923 831 quaeso
946 735 1089 820 obstat,
1122 735 1339 830 quominus
1357 734 1479 807 etiam
1499 729 1794 829 vegetabilium

110 868 213 944 vires
243 865 386 942 vitales
406 864 591 963 ,specifice
616 862 842 938 modificato
874 863 1077 939 crescendi
1103 861 1302 939 schemate
1320 862 1529 958 potuerint
1557 863 1699 949 imbui,
1747 871 1794 938 ut

109 993 250 1088 absque
270 990 438 1090 praeside
461 986 681 1072 intellesiu,
705 1012 760 1063 ex
783 987 922 1064 idonea
942 990 1128 1072 materie,
1153 1007 1306 1081 organa
1321 985 1497 1061 formare
1514 999 1663 1080 queant
1683 1010 1793 1062 oeco-

110 1121 246 1192 nomiae
272 1118 506 1212 vegetabilis
532 1116 822 1196 necessitatibus
846 1111 1109 1190 sufficientia?
1173 1110 1322 1187 Nonne
1341 1113 1446 1185 enim
1472 1109 1538 1188 vel
1562 1111 1686 1209 ipsum
1710 1112 1793 1187 ser-

109 1266 192 1318 rum
217 1245 380 1319 definito
408 1246 556 1318 virium
587 1244 901 1335 magneticarum
918 1252 1019 1339 typo
1046 1239 1175 1338 potest
1197 1238 1335 1320 imbui,
1383 1235 1423 1311 δι
1445 1258 1579 1311 nonne
1606 1236 1708 1311 idern
1729 1249 1792 1344 ty3

108 1390 179 1468 pus
209 1369 257 1444 de
284 1391 371 1443 uno
401 1372 439 1442 in
470 1368 640 1443 alterum
661 1367 770 1442 ferri
795 1364 984 1450 frustum,
1031 1367 1127 1460 quin
1155 1367 1193 1438 in
1228 1363 1458 1461 stupendam
1484 1357 1573 1457 ejus
1596 1368 1791 1457 quantita·

107 1503 203 1577 tem,
228 1495 378 1588 absque
396 1495 477 1568 ulla
497 1497 645 1570 virium
664 1488 835 1590 jasium,
859 1490 991 1589 potest
1011 1487 1264 1567 transfundi?
1302 1488 1388 1563 Cur
1418 1492 1550 1585 itaque
1572 1510 1652 1563 non
1677 1501 1792 1588 pote.

107 1620 194 1692 rite
217 1622 429 1713 vegetabili
450 1642 610 1715 quoque
634 1641 807 1718 corpore
821 1619 985 1716 plenum
1008 1615 1214 1694 crescendi
1237 1616 1391 1692 schema
1413 1614 1453 1688 in
1472 1613 1696 1691 alllruilatas
1718 1638 1792 1691 nu·

105 1746 274 1819 trimenti
298 1745 517 1822 moleculas
538 1745 786 1828 transfundi;
824 1742 864 1818 δι
883 1756 955 1818 c'ur
977 1764 1060 1818 non
1082 1745 1232 1841 poterit
1259 1741 1435 1840 specifica
1461 1735 1686 1839 plantarum
1712 1742 1792 1817 for·

104 1893 193 1964 ma,·
206 1871 242 1944 in
261 1870 357 1970 ipsis
374 1894 512 1949 earum
526 1870 659 1946 fluidis
675 1872 855 1969 partibus
869 1870 1013 1945 illibata
1026 1869 1196 1954 servari;
1223 1892 1314 1944 cum
1330 1868 1400 1946 vel
1417 1891 1440 1941 a
1455 1868 1578 1942 meris
1591 1864 1791 1943 attrastio-

103 1998 161 2071 nis
182 1999 341 2074 viribus
363 1998 542 2096 specifice
566 1997 818 2080 modificatis,
854 1998 1006 2071 centies
1025 1996 1141 2071 soluti
1170 1995 1209 2071 de
1229 2017 1303 2094 per
1330 1993 1483 2069 filtrum
1502 1989 1575 2067 atu
1596 1990 1701 2069 Salis
1723 1998 1792 2069 irn-

103 2133 241 2197 mutata
262 2124 454 2199 servetur
470 2122 519 2197 ,δι
544 2124 841 2217 redintegretur
858 2117 1017 2216 figuras
1073 2120 1192 2197 Hanc
1218 2131 1327 2196 certe
1354 2118 1791 2219 compendiosissimam,

101 2247 401 2343 tutissimamque
424 2247 765 2348 praeformationis
789 2246 1038 2340 methodum,
1085 2267 1178 2342 quae
1202 2245 1440 2323 Creatorem
1468 2267 1628 2342 quoquc
1661 2245 1791 2333 decet,

103 2372 258 2450 libenter
275 2375 544 2466 admittimus,
579 2396 669 2448 narn
688 2376 801 2450 vires
819 2382 1069 2473 potuerunt,
1091 2373 1171 2447 imo
1193 2372 1436 2455 debuerunt,
1473 2371 1528 2446 ab
1539 2374 1649 2446 omni
1670 2381 1790 2446 aeter0

101 2500 213 2576 nitate
225 2502 274 2577 ’δι
302 2504 343 2574 in
368 2523 488 2576 omne
506 2511 689 2598 tempus,
713 2498 824 2576 fuisse
841 2498 1123 2598 praedefinitae,
1148 2497 1190 2574 ὃ(
1208 2509 1339 2574 tamen
1356 2497 1404 2573 de
1423 2507 1628 2574 momento
1643 2500 1683 2571 in
1704 2522 1790 2574 rno-

102 2637 268 2702 mentum
297 2637 490 2724 poterunt
509 2626 558 2701 de
577 2648 690 2704 novo
712 2627 896 2712 excitari,
936 2625 1207 2723 multiplicari,
1247 2622 1287 2698 δι
1311 2645 1402 2698 cum
1427 2634 1517 2722 apta
1538 2626 1704 2699 materie
1729 2625 1790 2702 so·

62 2844 63 2847 ¹
99 2754 196 2828 riari.
255 2751 342 2830 Sed
360 2752 619 2851 praeformata
639 2755 822 2846 materia,
865 2773 1058 2851 perquam
1079 2751 1206 2825 labilis
1228 2770 1298 2826 res
1318 2749 1393 2834 est,
1431 2750 1470 2825 &
1493 2751 1562 2827 vel
1583 2750 1662 2850 ipse
1684 2773 1790 2851 prae·

78 2883 82 2888 “
100 2876 290 2954 formatus
307 2879 494 2975 embryo,
527 2879 677 2972 absque
696 2872 865 2972 conjuge
887 2881 970 2954 vita
990 2879 1030 2956 δι
1052 2879 1204 2971 absque
1223 2875 1389 2951 delinito
1413 2877 1560 2952 virium
1579 2888 1701 2975 typo,
1733 2877 1790 2951 nil

99 3003 162 3076 nifr
181 3028 294 3080 mera
314 3003 408 3081 esset
428 3012 588 3078 mortua
610 3005 758 3103 plantae
786 3006 1057 3108 languncula,
1088 3002 1194 3079 haud
1218 3004 1349 3076 minus
1369 3002 1517 3097 fugax,
1556 3023 1674 3098 quam
1697 3024 1789 3100 per·

98 3113 189 3206 fatte
207 3134 321 3208 iners
349 3141 469 3226 atque
495 3132 673 3216 inutilis3
711 3125 859 3207 nvem
881 3133 963 3206 vita
986 3130 1027 3205 dr
1046 3132 1159 3206 vires
1179 3130 1216 3202 ei
1240 3125 1446 3214 addendae,
1499 3139 1596 3204 tunc
1625 3129 1789 3228 prorsus

97 3256 336 3354 supervacua
365 3252 452 3354 ejus
477 3256 771 3356 praeformatio,
805 3260 896 3352 quia
919 3257 1110 3338 formam,
1144 3256 1253 3327 omni
1276 3262 1461 3351 tempore
1484 3277 1506 3328 a
1525 3254 1789 3353 praedefinitis

96 3383 258 3469 viribus,
301 3383 468 3481 produci
496 3381 622 3488 posse,
663 3382 806 3456 Dianae
829 3383 1020 3457 arborum
1044 3361 1237 3478 exemplo
1271 3379 1479 3464 docemur,
1518 3403 1609 3475 quae
1631 3378 1788 3458 novilli-

97 3528 192 3583 mam
219 3511 258 3585 ἃ
283 3508 594 3607 pulcherrimam
610 3510 715 3584 suam
737 3508 925 3593 sormam,
950 3509 1042 3583 solis
1063 3507 1209 3583 debent
1228 3502 1479 3580 attrastionis
1500 3509 1676 3591 viribus,
1706 3506 1787 3583 stu-

92 3634 215 3729 penda
239 3638 417 3719 ratione,
458 3647 598 3733 partes
623 3637 755 3710 masiae
777 3638 1019 3730 inorganicae
1042 3635 1081 3706 in
1104 3632 1355 3706 firnulacrum
1382 3654 1495 3706 verae
1521 3631 1656 3733 stirpis
1684 3634 1787 3707 ordi·

97 3760 285 3835 nantibus.
337 3758 396 3835 At
408 3783 492 3837 non
516 3761 583 3836 soli
606 3763 770 3843 rationi,
796 3761 860 3834 sed
881 3760 947 3837 vel
966 3761 1141 3834 maxime
1165 3779 1326 3853 quoque
1342 3759 1603 3853 experientiae
1620 3760 1657 3830 in
1678 3757 1787 3854 plan·

93 3887 141 3959 tis
160 3886 362 3982 hybridis,
413 3886 638 3979 germinum
660 3887 937 3984 praeformatio
962 3885 1219 3961 adversatur:
1257 3882 1574 3977 quandoquidem
1604 3882 1787 3978 hybridae

92 4010 250 4118 plmrtqe,
292 4035 385 4109 quae
406 4034 460 4088 ex
479 4011 621 4109 copula
647 4011 814 4085 duarum
834 4011 1078 4087 diversarum
1105 4010 1320 4107 specierum
1346 4016 1583 4101 nascuntur,
1618 4010 1787 4085 mixtam

93 4138 281 4230 quandam
311 4149 431 4234 atque
464 4137 632 4212 mediam
666 4140 1009 4236 proportionatam
1038 4138 1144 4208 inter
1175 4141 1393 4225 utrumque
1430 4131 1541 4205 fuum
1576 4144 1787 4230 parentem

91 4259 257 4339 habeant
283 4262 471 4346 formam,
515 4285 607 4358 quae
629 4262 801 4339 absolute
830 4239 912 4337 non
953 4247 985 4335 e¹
1009 4259 1258 4360 praestabilita
1287 4259 1482 4352 germinis
1502 4256 1635 4332 forma
1661 4260 1787 4357 proli-

92 4387 183 4461 cisci
205 4402 343 4483 queat,
369 4389 431 4463 sed
452 4386 755 4463 recentissimam
782 4388 888 4462 suam
911 4389 1106 4481 originem
1133 4394 1271 4482 aperte
1299 4385 1499 4476 loquatur.
1524 4365 1682 4460 Volunt
1700 4387 1786 4479 qui·
1848 4399 1851 4405 ·

91 4509 174 4586 dem
194 4514 439 4589 evolutionis
459 4517 637 4612 patroni,
661 4515 766 4610 quod
795 4515 863 4588 ista
885 4513 1096 4608 singularis
1120 4510 1266 4594 forma,
1303 4510 1351 4583 ab
1370 4510 1553 4603 inaequali
1576 4510 1784 4607 spermatis

90 4634 357 4713 distributione
380 4639 420 4716 δι
446 4639 536 4713 inde
557 4662 720 4735 quoque
748 4651 865 4715 enata
895 4641 1140 4737 inpartibus
1174 4637 1365 4731 germinis
1394 4634 1535 4733 dispari
1564 4637 1785 4710 nutritione

90 4763 291 4857 procedat3
316 4765 378 4842 sed
395 4766 472 4842 hoc
491 4763 709 4862 effugium,
735 4765 842 4861 quod
859 4788 911 4840 ne
927 4769 967 4840 in
982 4767 1151 4861 larynge
1163 4763 1322 4860 quidem
1337 4772 1455 4855 atque
1472 4758 1592 4833 cauda
1607 4760 1702 4833 muli
1717 4760 1784 4851 (ι.)

1712 4910 1786 4964 no·

129 5071 176 5151 r.)
192 5077 304 5136 Harl.
328 5073 436 5139 Elem..
444 5074 572 5160 pbybol.
595 5083 674 5143 vni.
699 5100 730 5164 p.
753 5083 836 5158 1¹76„
859 5089 863 5098 '
