4567 5959
781 573 1094 602 ι*
1693 591 1698 602 t
1718 568 1795 620 LXI

108 791 151 857 ut
163 782 228 856 sub
247 782 513 854 maturitatem
531 778 688 851 seminis
708 778 809 875 saepe
830 781 868 851 in
887 777 1132 853 durissimum
1149 776 1266 871 abeat
1276 797 1440 875 corpus,
1467 775 1575 872 quod
1594 775 1797 856 Albumen

108 908 360 1008 appellamuS,
384 915 430 980 ut
456 905 524 978 suo
545 907 634 979 loco
657 905 815 1002 plenius
841 904 1007 978 dicetur.

196 1086 357 1168 Saeculus
373 1085 623 1186 colliquumenti
645 1085 731 1183 (1.)
746 1087 841 1161 nihil
855 1088 959 1160 aliud
976 1083 1053 1170 est,
1079 1109 1198 1181 quam
1212 1081 1597 1160 MembranaAmnii
1614 1092 1801 1187 propria,

108 1218 335 1299 tenuissima,
361 1214 575 1314 pellucido,
606 1215 709 1296 alba,
733 1212 773 1286 ὃ(
793 1212 994 1286 manifeste
1008 1236 1063 1288 ex
1085 1213 1178 1312 ipsis
1196 1214 1297 1287 vasis
1317 1215 1603 1287 umbilicalibus
1623 1238 1797 1313 progna-

108 1357 163 1420 ta:
187 1368 274 1418 nam
303 1343 458 1439 semper
475 1366 530 1415 ex
549 1344 707 1414 interno
726 1338 891 1411 funiculi
913 1341 1142 1414 umbilicalis
1171 1341 1251 1416 sine
1271 1339 1380 1413 suum
1403 1341 1526 1413 trahit
1547 1342 1724 1425 initium,
1757 1339 1798 1415 δι

107 1473 188 1547 inde
202 1467 311 1543 resta
333 1472 399 1543 via
414 1491 487 1565 per
503 1465 642 1540 Chorii
662 1465 909 1540 substantiam
929 1468 1218 1565 progrediens,
1246 1469 1284 1538 in
1305 1466 1509 1539 adversam
1529 1465 1640 1540 ovuli
1655 1468 1799 1559 migrat

106 1600 249 1698 plagam
274 1596 459 1694 &prope
482 1590 706 1689 oppositum
733 1596 924 1689 parietem
953 1616 1063 1665 coeco
1094 1593 1175 1666 sine
1200 1597 1465 1676 terminatur,
1490 1594 1543 1665 ita
1566 1601 1720 1675 tamen,
1752 1603 1800 1688 ut

106 1727 151 1798 ibi
167 1748 251 1797 cum
272 1722 559 1814 integumentis
575 1740 656 1790 non
676 1728 862 1802 connata,
890 1718 953 1792 sed
977 1716 1097 1790 libera
1121 1717 1160 1791 &
1179 1717 1285 1812 quali
1307 1716 1505 1791 ssuituans
1523 1715 1583 1790 fit.
1633 1717 1677 1789 In
1700 1715 1800 1792 mul-

104 1854 150 1923 tis
164 1849 372 1923 seminibus
393 1844 480 1943 (a.)
498 1847 721 1940 reperitur;
748 1845 789 1915 in
809 1845 992 1939 plurimis
1006 1854 1159 1927 tamen,
1184 1859 1232 1917 ut
1252 1843 1373 1918 modo
1385 1841 1550 1928 ditmm,
1577 1846 1644 1920 vel
1663 1847 1803 1944 plane',

104 1977 164 2050 vel
182 1976 251 2048 hac
264 1975 403 2048 saltem
427 1972 494 2044 snb
512 1970 659 2052 forma,
687 1969 842 2052 deficit,
866 1977 983 2061 atque
1010 1971 1169 2046 seminis
1191 1975 1419 2046 membrana
1444 1973 1602 2045 interna
1621 1970 1710 2068 ejus
1733 1995 1798 2067 ge-

105 2105 152 2174 rit
167 2104 287 2174 viccS.
314 2095 528 2192 Nunquam
549 2100 587 2168 in
609 2091 859 2192 conspestum
875 2098 1014 2177 venit,
1035 2094 1110 2167 nili
1119 2095 1209 2194 post
1224 2096 1422 2195 perustam
1440 2099 1798 2184 soecundationem,

104 2237 211 2319 atque
234 2226 365 2300 statim
387 2223 434 2295 ab
459 2233 550 2295 ortu
570 2222 639 2294 suo
663 2220 850 2314 gracilem
871 2219 1010 2293 fibram
1035 2230 1104 2294 aut
1127 2223 1241 2295 filum
1267 2224 1480 2298 aemulatur
1501 2229 1610 2300 intus
1636 2249 1800 2308 cavum;

104 2351 160 2425 sed
175 2354 289 2427 brevi
305 2349 415 2448 post,
443 2349 509 2422 sut
522 2347 706 2419 umbilico
723 2346 909 2442 proximi
924 2345 1206 2432 extremitate,
1233 2352 1270 2419 in
1279 2372 1446 2447 parvam
1463 2354 1677 2449 ampullam
1692 2355 1798 2424 intu-

104 2479 242 2563 mescit,
268 2477 455 2552 deorsum
476 2471 581 2568 quali
596 2472 816 2556 caudatam,
842 2494 932 2566 quae
950 2470 998 2543 de
1020 2470 1082 2544 die
1100 2475 1139 2544 in
1161 2476 1267 2550 diem
1288 2473 1438 2571 majora
1452 2482 1556 2575 capit
1571 2481 1799 2551 incremen-

105 2615 160 2687 ta,
190 2604 227 2679 ὅ(
247 2628 343 2679 cum
358 2603 432 2676 suo
458 2604 565 2673 intus
595 2609 785 2672 contento
808 2598 983 2690 liquore,
1018 2600 1269 2699 omnesillas·
1283 2601 1383 2679 ludit
1408 2605 1561 2691 scenas,
1591 2621 1690 2698 quas
1712 2625 1800 2675 mo-

105 2727 150 2803 do
165 2730 279 2829 supra
299 2730 347 2806 de
372 2718 523 2802 Amnio
552 2727 632 2824 ipso
653 2724 940 2800 recensuimus,

192 2943 350 3043 Emb'ryo
375 2944 546 3037 denique
571 2940 666 3039 ipse,
693 2938 903 3016 essentialis
932 2959 1026 3037 pars
1050 2944 1161 3017 ovuli
1184 2946 1493 3043 impraegnati&
1517 2952 1705 3046 princeps
1722 2945 1800 3018 foe-

105 3072 345 3147 cundationis
361 3092 464 3169 opus
486 3068 560 3152 est,
587 3063 823 3163 ciij'uscausa
842 3088 984 3140 omnes
1002 3064 1195 3144 hattenus
1219 3072 1422 3148 recenutae
1442 3057 1597 3172 partes,
1623 3084 1704 3147 tam
1731 3094 1802 3145 or-

105 3201 261 3288 ganicae,
290 3220 408 3290 quam
432 3198 673 3289 i'norgani'cae
691 3190 925 3266 construttae
955 3191 994 3265 &
1016 3217 1038 3265 a
1066 3189 1228 3298 Natura,
1244 3198 1448 3295 produttae
1479 3201 1578 3273 sunt.
1602 3177 1606 3186 ⁵
1629 3195 1799 3295 Semper

97 3324 139 3394 in
153 3325 214 3396 illa
229 3326 400 3417 regione
413 3320 524 3397 ovuli
549 3322 724 3419 primum
744 3321 783 3391 in
798 3315 1050 3418 conspett'um
1075 3324 1204 3405 venit,
1231 3324 1296 3396 ubi
1320 3327 1449 3400 ultimi
1471 3327 1659 3402 vasorum
1679 3325 1800 3396 umbi·

103 3445 262 3523 licalium
283 3450 409 3533 fines,
432 3449 699 3522 membranam
718 3441 807 3538 eius
829 3448 1024 3522 internam
1052 3448 1262 3544 perforant
1284 3448 1323 3523 ὅ(
1344 3452 1485 3525 sacculi¹
1504 3450 1801 3543 colliquamenti

103 3573 263 3648 veficula
287 3577 436 3657 oritur,
461 3577 691 3667 neutiquam
718 3597 821 3647 vero
848 3574 1022 3669 semper,
1049 3574 1155 3666 quod
1181 3576 1305 3671 probe
1337 3576 1578 3660 notandum,
1602 3576 1668 3648 ubi
1692 3573 1800 3646 sora-

103 3719 187 3771 men
206 3703 382 3774 umbilici
397 3711 568 3779 externe
589 3703 625 3772 in
649 3698 745 3774 testa
770 3699 1018 3795 conspicitur.
1070 3697 1206 3772 Prima
1227 3691 1315 3794 ejus
1346 3705 1454 3774 initia
1475 3724 1635 3774 omnem
1662 3702 1799 3773 oculo-

104 3844 185 3898 rum
208 3830 332 3901 aciem
359 3825 584 3920 effugiunt,
607 3848 679 3899 nec
705 3825 827 3922 ipsum
850 3835 1015 3922 tempus.
1036 3829 1113 3899 rite
1138 3823 1321 3918 assignari
1343 3827 1496 3924 potest,
1526 3826 1684 3920 quando
1712 3819 1801 3922 post

104 3949 294 4043 perustam
317 3952 674 4031 soecundationem,
698 3950 872 4046 primum
901 3947 939 4022 iu
959 3947 1209 4047 conspestum
1228 3955 1383 4034 veniat3
1420 3954 1641 4044 generatim
1666 3961 1800 4024 tamen

106 4077 140 4145 in
162 4076 246 4151 aliis
261 4080 396 4160 citius,
422 4078 461 4151 δι
484 4079 525 4150 in
546 4077 629 4152 aliis
649 4076 799 4150 tardius
823 4076 922 4150 visui
938 4077 975 4150 se
994 4074 1136 4150 offert:
1163 4100 1253 4149 nam
1276 4080 1315 4149 in
1343 4078 1580 4159 Heliantho,
1606 4076 1694 4176 post
1716 4087 1800 4151 ter·

105 4200 191 4274 tiam
218 4203 347 4289 niem,
368 4207 408 4276 in
428 4202 621 4296 Cucumi,
645 4202 734 4300 post
756 4205 923 4299 primam
952 4191 1230 4299 septimanam,
1262 4213 1303 4276 at
1328 4207 1367 4275 in
1388 4187 1600 4287 Colchico,
1625 4225 1705 4276 non
1729 4201 1804 4275 niii'

105 4326 188 4420 post
206 4330 360 4422 aliquot
376 4330 547 4414 menses,
573 4333 670 4405 novi
694 4330 929 4422 embryonis
951 4330 1060 4400 initia
1084 4327 1219 4403 vidisse
1242 4330 1338 4402 mihi
1357 4329 1509 4405 videor.
1547 4328 1798 4423 Quocunque

106 4463 232 4527 autem
251 4459 619 4554 temporeprimum
630 4453 921 4544 manifestetur,
949 4455 986 4528 id
1002 4466 1154 4530 certum
1170 4456 1209 4532 δι
1223 4454 1570 4529 constantissimum
1593 4453 1667 4529 est:
1693 4456 1800 4547 quod

107 4571 190 4669 ejus
205 4581 335 4673 figura
350 4582 597 4675 subglobosa,
623 4576 709 4675 ejus
726 4581 972 4656 consistentia
993 4583 1157 4679 pulposa
1172 4581 1212 4656 &
1225 4583 1300 4656 vix
1323 4605 1404 4655 non
1415 4580 1555 4666 fluida,
1581 4593 1700 4674 atque
1713 4577 1799 4675 ejus

109 4704 215 4779 color
234 4717 282 4781 ut
294 4709 512 4808 plurimum
527 4711 672 4785 niveus
697 4706 763 4796 ur,
788 4708 827 4783 δι
850 4709 958 4804 quod
976 4711 1016 4780 in
1033 4708 1109 4784 hoc
1133 4708 1236 4784 flatu
1254 4708 1482 4783 liberrimus
1494 4705 1633 4782 Amnii
1652 4710 1800 4800 liquori

1666 4833 1799 4928 super·

150 5021 197 5101 r.)
220 5015 484 5086 Maternus.
507 5044 531 5085 c.
554 5043 583 5107 p.
606 5035 656 5100 γε.
1067 5021 1099 5086 F'.
1128 5016 1178 5101 lig.
1201 5039 1260 5096 235·
1284 5025 1348 5093 236.
1371 5037 1434 5098 237.
1464 5024 1518 5083 oc.
1546 5022 1686 5085 Gnew.
1711 5021 1798 5080 Anat.
1917 5045 1921 5058 ·

147 5134 198 5212 a)
221 5139 321 5199 toan
344 5134 363 5197 Ι.
386 5158 411 5200 e.
433 5138 488 5218 fig.»
505 5158 570 5212 233,
587 5142 611 5201 C
631 5172 675 5185 --
694 5139 725 5199 F.
748 5134 797 5214 lig.
816 5149 879 5211 234.
899 5131 940 5198 ct
1072 5137 1133 5199 tob.
1157 5152 1201 5209 82·
1226 5133 1271 5200 lit.
1295 5151 1322 5215 g.
1346 5136 1376 5198 h.
1399 5132 1524 5219 optime.
