4567 5959
791 537 1101 604 m
1630 536 1784 606 ΟΜΝΗ

162 744 374 844 Praecipua
393 742 505 841 tigna
531 743 770 840 ditgnoitica
797 742 937 822 Vitelli
957 744 1066 822 funt:
1104 746 1142 818 1⁰
1171 742 1279 839 quod
1300 740 1551 830 arstiffimum
1577 769 1670 838 curn
1697 777 1779 842 em·

75 873 224 968 bryone
239 872 385 948 habeat
400 895 577 959 nexum,
601 883 651 947 ut
665 872 817 966 absque
829 870 1052 950 substantie
1069 871 1149 947 sum
1161 869 1321 952 lesione
1335 874 1462 952 abillo
1477 877 1578 960 solvi
1589 894 1777 976 nequeets

76 1001 119 1074 20
137 1001 244 1096 quod
265 1021 349 1076 non
371 998 553 1082 xobtinete
573 1001 653 1077 hoc
671 998 835 1076 vinculo
856 1019 1062 1093 nunqnam
1080 997 1149 1076 iub
1164 1001 1457 1092 germinatione
1479 1014 1598 1086 extra
1617 1008 1778 1096 seminia

74 1128 205 1206 testam
226 1126 442 1222 efferatur,
466 1135 536 1203 aut
555 1129 597 1201 in
613 1125 754 1201 folium
771 1125 957 1201 seminale
982 1135 1211 1216 excrescat,
1236 1126 1347 1201 ficuti
1363 1129 1625 1226 cotyledones
1641 1135 1775 1220 facere

75 1256 212 1348 solent,
249 1254 316 1330 sed
331 1255 439 1350 quod
459 1255 672 1329 albuminis
694 1255 831 1351 potius
855 1275 988 1335 more,
1019 1260 1106 1362 tota
1126 1246 1216 1346 ejus
1236 1276 1450 1360 compages
1471 1280 1495 1330 a
1517 1259 1695 1356 plantula
1716 1263 1775 1338 se.

76 1382 202 1455 minati
222 1379 449 1457 destruatur
473 1380 513 1456 δι
526 1381 568 1455 in
587 1380 701 1454 sirum
716 1379 1017 1464 {nutrimentum
1040 1389 1325 1467 convertatur3
1350 1382 1390 1456 ὃ(
1409 1387 1451 1474 30
1468 1384 1594 1477 quod,
1619 1386 1775 1463 fialbu.

74 1529 160 1581 men
182 1506 298 1582 ilmul
319 1505 434 1591 adlit,
460 1504 637 1585 Vitellus
652 1504 828 1580 medium
846 1508 954 1580 inter
970 1506 1048 1581 hoc
1060 1517 1183 1603 atque
1196 1510 1462 1603 embryonem
1477 1517 1614 1587 teneat
1632 1514 1776 1601 locum,

75 1634 124 1705 itn
152 1641 302 1719 tamen,
340 1643 388 1708 ut
416 1634 464 1708 ab
497 1631 697 1707 albumine
717 1630 902 1707 facillime
922 1632 963 1708 dr
983 1633 1134 1729 absque
1156 1635 1240 1708 ullo
1265 1634 1413 1729 figurae
1431 1635 1513 1710 suae
1536 1638 1780 1718 detrimento

74 1757 182 1855 poffit
209 1761 393 1860 separari.
444 1758 555 1834 Hinc
577 1758 720 1858 sponte
749 1767 878 1858 patet,
914 1760 1021 1855 quod
1044 1784 1097 1834 ex
1122 1759 1250 1835 altera
1276 1771 1392 1860 parte
1417 1787 1508 1840 cum
1533 1767 1780 1863 cotyledoni-

74 1881 204 1959 bus&
232 1910 290 1961 ex
321 1887 448 1961 altera
476 1909 568 1961 cum
589 1883 789 1960 albumine
810 1883 1043 1961 affinitatem
1069 1887 1265 1982 quandam
1295 1890 1456 1975 habeat,
1507 1893 1615 1987 quod
1641 1903 1778 1968 autem

74 2029 156 2082 cum
184 2021 335 2087 neutro
363 2010 528 2088 istorum
554 2014 759 2088 viscerum
791 2024 892 2113 apte*
912 2026 1033 2108 queat
1054 2016 1214 2099 sociari,
1263 2015 1304 2090 &
1328 2018 1624 2120 consequenter
1641 2023 1777 2103 etiam,

74 2135 172 2228 quod
195 2140 366 2237 proprio
386 2140 435 2214 ab
455 2142 503 2218 iis
531 2140 695 2215 nomine
711 2148 915 2216 mereatur
940 2137 1135 2234 distingui.

162 2344 315 2451 Figura
334 2359 454 2446 atque
473 2349 620 2426 fabrice
641 2350 682 2424 in
704 2347 872 2427 diverlle
888 2349 1144 2429 diveriiffima
1159 2352 1197 2428 ei
1215 2354 1423 2450 competit,
1448 2363 1495 2432 ut
1508 2353 1558 2436 de
1575 2354 1640 2438 his
1655 2356 1778 2449 queli-

74 2471 211 2548 nebus
236 2473 376 2553 Vitelli
402 2477 625 2571 generatim
647 2473 802 2554 referre
827 2476 926 2554 nihil
942 2471 1074 2572 juvet
1123 2475 1240 2573 Ergo
1260 2479 1620 2562 conformationem
1643 2481 1684 2562 δι
1705 2504 1776 2557 ex·

72 2600 226 2674 ternum
256 2595 346 2696 ejus
367 2600 545 2679 habitum
573 2599 666 2700 ipfis
704 2600 905 2701 exemplis
932 2603 1166 2700 quibusdam
1193 2602 1496 2690 illustrabimur,
1544 2628 1635 2689 eum
1664 2607 1775 2706 ultro

76 2741 224 2816 qnoque
243 2723 439 2814 vitellus,
484 2730 666 2807 omnium
687 2729 938 2808 internarum
967 2729 1125 2810 seminis
1150 2733 1327 2833 partium
1358 2732 1535 2814 nmine
1560 2730 1774 2828 singularis
1880 2723 1882 2732 ’

76 2842 112 2919 dr
134 2845 249 2944 longe
269 2852 628 2950 infrequentiffime
650 2853 710 2933 iit

164 3054 451 3160 Simplicissima
472 3059 559 3162 ejus
577 3064 709 3144 forma
730 3061 861 3160 atque
871 3063 1026 3148 'fabrica
1053 3065 1224 3148 hebetur
1246 3073 1289 3146 in
1316 3068 1533 3154 seminibus
1550 3067 1778 3172 plantarum

76 3180 425 3280 inperfettiorum,
450 3188 677 3278 Furorum,
702 3189 947 3309 Muscorum
970 3202 1091 3292 atque
1105 3192 1290 3272 Filicum.
1346 3196 1469 3282 Iuliis
1480 3220 1629 3297 nempe
1648 3196 1778 3292 omni-

75 3304 165 3398 bus,
193 3320 308 3390 totus
329 3314 490 3395 seminis
510 3318 699 3399 nucleus,
733 3299 864 3418 purus
886 3327 1010 3422 putus
1028 3318 1298 3408 eltVitellus,
1332 3346 1388 3402 ex
1407 3341 1520 3406 mera
1542 3345 1662 3406 carne
1681 3322 1777 3396 her·

75 3430 183 3513 bacea
200 3448 269 3515 aut
290 3444 592 3537 amygdaloidea
611 3441 812 3524 conflatus
834 3453 956 3542 atque
975 3444 1088 3524 testae
1116 3446 1198 3528 suae
1217 3449 1378 3530 caritati
1400 3446 1644 3534 exastisslme
1662 3443 1779 3552 adep«

74 3565 188 3642 tatus.
235 3563 424 3644 Difficilis
442 3568 606 3666 quidem
631 3570 707 3655 est,
740 3572 781 3646 in
812 3579 923 3648 tauta
943 3573 1117 3682 partium
1135 3574 1324 3659 minucie.
1362 3570 1450 3678 ejus
1471 3569 1689 3672 diagmfiss
1714 3567 1780 3647 sed

76 3685 123 3762 ad
141 3691 344 3782 albumen,
374 3699 439 3772 cui
465 3706 600 3773 cetera
614 3698 785 3776 nucleus
806 3696 871 3778 ille
886 3695 1108 3778 finitimus
1128 3697 1203 3786 est,
1235 3699 1383 3782 referri
1404 3705 1569 3799 nequit,
1607 3703 1698 3802 quia
1717 3701 1778 3773 in-

76 3819 137 3886 tra
151 3816 208 3904 se,
247 3819 470 3897 distinttum
490 3822 760 3902 &discretum
786 3824 1052 3918 embryonem
1067 3805 1152 3906 non
1171 3805 1369 3914 continet,
1407 3822 1663 3927 imperfecte
1686 3823 1777 3900 soli-

77 3935 149 4015 dus
163 3943 493 4044 deprehenditur,
519 3948 575 4033 &‚
599 3949 707 4044 quod
731 3955 850 4045 caput
866 3943 943 4030 est,
973 3951 1066 4043 quia
1085 3929 1217 4049 prope
1239 3952 1468 4028 umbilicum
1490 3953 1674 4035 seminis,
1708 3947 1779 4021 fibi

77 4063 247 4148 fldmtam
264 4072 385 4148 habet
403 4069 648 4155 Cicatriruiom
664 4074 936 4173 gemmeum,
973 4075 1320 4180 ceolique—nuclei
1338 4076 1547 4160 substantia
1564 4098 1652 4164 ‘uon
1667 4075 1779 4173 sepa·
1803 4077 1805 4080 ’

79 4191 249 4283 rrbiiem,
283 4200 365 4276 imo
386 4221 438 4276 ne
462 4203 559 4287 vix,
594 4200 755 4298 quidem
772 4200 820 4278 ab
842 4196 927 4284 illa,
959 4199 1033 4280 niu
1046 4200 1186 4280 colore
1205 4202 1277 4284 suo
1290 4201 1500 4301 pallidiore
1515 4213 1585 4288 aut
1599 4204 1666 4286 sue
1683 4220 1779 4280 con«

78 4311 237 4398 sistentia
257 4326 386 4418 magia
406 4327 640 4414 medullosa,
663 4331 768 4407 utin
783 4327 998 4406 senunibus
1016 4324 1261 4429 Lycopodii,
1287 4329 1591 4412 discernibilem.
1640 4327 1779 4412 Multo
1814 4411 1819 4420 ,

79 4445 203 4524 mirus
220 4459 357 4536 autem
382 4475 458 4551 pro
485 4454 727 4551 cotyledone
746 4452 882 4540 solido,
914 4449 1199 4541 nucleus'iite,
1233 4456 1371 4536 heberi
1388 4458 1559 4555 poterit,
1592 4457 1781 4550 quoniam

79 4567 364 4655 indiuucomrn
386 4580 608 4660 seminibus'
620 4583 940 4677 germinantibus
960 4580 1243 4664 diitirrdtiffimu
1261 4582 1399 4663 foliola
1410 4582 1698 4679 cotyledonea,
1723 4582 1780 4660 in·

80 4689 138 4770 fur
155 4700 288 4788 illum,
323 4727 349 4782 e
377 4705 524 4785 semine
542 4709 709 4806 prodire
730 4710 826 4802 (ι),
853 4709 982 4808 ipsum
1003 4733 1127 4795 voro,
1160 4712 1283 4790 novit
1309 4708 1393 4790 istis
1416 4731 1465 4790 ec
1494 4710 1609 4788 veris
1630 4704 1782 4800 cotyle-

82 4813 241 4906 donibue
252 4828 548 4924 adhaerentem,
570 4837 692 4931 longe
706 4835 866 4920 demum
883 4835 978 4935 post
988 4857 1130 4918 euram
1145 4844 1392 4937 merentum
1401 4844 1613 4934 ωροτε,
1638 4855 1662 4912 a
1669 4829 1784 5028 plaulba

796 5033 799 5040 .
886 4971 953 5041 tt
1697 4963 1743 5027 m

122 5102 168 5185 t)
186 5109 359 5176 lituum.
381 5111 447 5176 bist.
469 5134 562 5178 mure.
583 5111 687 5181 ftond.
702 5135 730 5183 r,
751 5116 813 5182 ub.
833 5127 864 5201 5.
886 5118 916 5183 6.
