4567 5959
485 531 546 587 cu
1033 586 1035 590 .
1187 530 1510 585 m·

486 739 653 835 reliquis
684 729 914 832 Clypeola,
957 726 1155 814 Peltaria,
1182 728 1423 828 Rapistrum.
1472 726 1669 805 Bivalves
1686 735 1821 801 autem
1843 728 1934 804 sunt
1953 750 2085 808 ornnes
2104 730 2168 809 fere

488 870 638 962 siliquae
666 857 797 938 striste
827 857 879 932 fic
905 853 1039 942 diuae,
1072 858 1188 932 &ex
1216 854 1413 940 Siliculis,
1455 855 1648 955 plurimae.
1697 850 2001 931 Subarticulatae
2025 861 2169 933 rariores

482 996 572 1071 sunt
594 993 633 1068 &
648 992 866 1065 occurrunt
881 986 922 1058 in
941 982 1098 1069 Cakile,
1124 982 1390 1083 Raphanistro
1407 983 1447 1058 &
1464 982 1677 1084 Hypecoo.
1706 980 1843 1057 Mixta
1854 982 2099 1068 dehiscentia,
2119 985 2170 1060 soli

483 1120 590 1218 quod
608 1119 721 1193 seiam
737 1114 929 1211 competit
944 1111 1160 1186 Erucariae
1184 1108 1284 1208 (1),
1310 1106 1424 1206 eujus
1441 1112 1588 1209 quippe
1608 1109 1763 1205 siliqua,
1787 1110 1958 1209 superne
1979 1108 2170 1196 articulata,

368 1347 370 1350 Α
484 1248 524 1323 &
546 1245 701 1320 inferne
720 1240 893 1318 bivalvis
908 1237 975 1317 est,
1027 1236 1196 1323 Cetera,
1223 1237 1260 1312 id
1272 1236 1422 1332 siliquae
1439 1235 1618 1315 bivalves
1631 1241 1785 1337 proprii
1801 1237 1966 1324 habent,
1994 1251 2038 1314 ut
2052 1263 2073 1312 a
2089 1240 2169 1337 lapsu

481 1373 758 1452 valvularum,
786 1365 1013 1441 constanter
1032 1364 1120 1463 post
1139 1365 1177 1439 se
1209 1366 1438 1459 relinquant
1452 1387 1665 1440 commune
1682 1366 1871 1442 seminum
1890 1368 2168 1466 receptaculum,

358 1510 360 1515 ’
481 1496 598 1596 eujus
631 1497 763 1591 figura
787 1492 928 1570 exuste
955 1492 1215 1569 valvularum
1242 1494 1488 1587 marginibus
1510 1492 1744 1591 respondeat
1763 1503 1884 1588 atque
1906 1495 2069 1592 spatiuin
2091 1497 2169 1570 inter

484 1628 551 1704 sua
575 1646 694 1699 crura
714 1621 908 1705 medium,
948 1641 1056 1692 nunc
1076 1621 1237 1716 penitus
1255 1616 1422 1693 liberum
1442 1618 1481 1694 δι
1504 1622 1709 1717 pervium:
1738 1623 1776 1694 in
1798 1617 2051 1705 Chelidonio,
2076 1618 2168 1695 Cleo·

484 1778 566 1838 me,
591 1748 752 1833 Isatide;
776 1772 885 1822 nunc
908 1755 1042 1820 autem
1063 1746 1262 1842 praetenso
1276 1744 1568 1843 dissepimento,
1594 1756 1781 1840 tanquam
1791 1757 1987 1845 tympano
2005 1747 2170 1822 membra·

483 1905 626 1963 naceo,
657 1875 829 1953 clausum
850 1873 915 1949 fit:
951 1877 992 1946 in
1016 1870 1215 1964 Brassica,
1240 1868 1383 1967 Alysso
1409 1871 1448 1946 &
1473 1873 1660 1948 omnibus
1683 1871 1768 1949 fere
1795 1875 1973 1967 reliquis.

581 2062 870 2138 Loculamenta
894 2058 1098 2136 verticalia
1123 2055 1213 2129 sunt
1237 2057 1275 2128 in
1296 2052 1444 2151 siliquis
1459 2054 1714 2141 usitatisiima3
1742 2059 2170 2140 multoautemrariora,

484 2188 766 2265 transversalia
787 2197 856 2261 aut
873 2185 941 2259 fibi
960 2194 1099 2258 mutuo
1124 2181 1441 2281 superimposita3
1465 2182 1506 2257 ὃ(
1534 2182 1887 2278 infrequentissima
1911 2186 2082 2280 denique
2104 2187 2169 2267 illi,

486 2340 665 2412 quorum
689 2315 802 2398 situs,
833 2338 889 2388 ex
907 2324 1082 2405 utroque
1105 2310 1415 2408 praecedentium
1443 2310 1686 2409 compositus
1711 2310 1777 2385 est.
1828 2310 1899 2385 Ex
1922 2317 2038 2410 puris
2066 2315 2169 2387 verti·

491 2445 656 2528 casibus,
682 2442 866 2517 formatae
893 2439 984 2513 sunt
1006 2437 1154 2533 siliquae
1174 2436 1443 2513 unilocuiares
1467 2435 1703 2537 Clypeolae,
1732 2437 1937 2522 Peltariae,
1963 2437 2171 2523 Isatidis,&

490 2573 747 2646 biloculares:
775 2564 922 2647 Veliae,
948 2562 1141 2647 Ricotiae,
1168 2560 1452 2647 Cardamines,
1477 2560 1654 2659 Erylimi
1674 2565 1713 2640 ὃ(
1739 2567 2003 2663 plurimarum
2020 2567 2170 2640 aliarum.

486 2700 556 2773 Ex
578 2701 692 2797 puris
716 2703 848 2768 autem
876 2690 1235 2775 transversalibus,
1273 2691 1341 2765 seu
1361 2701 1501 2764 mutuo
1526 2690 1593 2765 sibi
1612 2691 1943 2790 superimpositis,
1973 2693 2017 2767 δι
2038 2692 2169 2788 quiden

484 2850 538 2900 ex
562 2826 757 2920 geminis,
789 2815 1017 2916 compositae
1040 2815 1129 2890 sunt
1142 2814 1300 2892 filiculae
1313 2816 1507 2893 Buniadis
1526 2816 1762 2893 orientalis&
1781 2818 1975 2894 Crambes
1994 2820 2169 2921 bissianum

485 2977 539 3027 ex
560 2950 741 3050 pluribus
762 2970 884 3030 vero,
909 2943 1071 3043 simplici
1087 2952 1157 3016 aut
1177 2944 1322 3042 duplici
1337 2945 1435 3019 serie
1457 2942 1612 3042 positis:
1638 2944 1788 3039 siliquae
1807 2949 2012 3046 Raphani,
2038 2948 2169 3046 Rapha·

484 3076 596 3152 nistri
613 3075 652 3149 ἃ
673 3071 865 3148 Buniadis
878 3071 1102 3165 Erucaginir.
1151 3069 1341 3164 Denique·
1357 3075 1528 3147 mixtum
1549 3073 1664 3147 situm
1684 3098 1739 3147 ex
1752 3075 1894 3151 loculis
1915 3081 2031 3152 veris
2046 3076 2082 3150 dt
2099 3075 2169 3172 spu·

485 3206 557 3278 riis
570 3199 886 3275 liabentsiliculae
904 3195 1068 3272 Cakiles
1082 3196 1120 3271 δι
1136 3196 1303 3294 Myagri
1312 3196 1520 3297 persoliati,
1546 3200 1585 3275 &
1597 3200 1714 3275 instar
1728 3204 1906 3275 omnium
1924 3201 2062 3297 filiqua
2080 3201 2168 3275 Eru-

486 3335 622 3422 cariae,
657 3322 770 3422 cujus
798 3348 943 3422 nempe
965 3324 1043 3399 duo
1064 3325 1328 3399 loculamenta
1356 3326 1555 3424 suprema,
1588 3330 1792 3402 verticalia
1815 3328 1853 3402 dr
1882 3330 2037 3427 spuria3
2062 3329 2130 3402 duo
2150 3325 2169 3396 l.

484 3462 563 3534 tria
580 3454 828 3537 intermedia,
854 3475 952 3526 vera
973 3453 1012 3527 δι
1028 3451 1347 3546 longitudiualia3
1372 3451 1505 3527 &duo
1523 3454 1674 3540 infima,
1702 3456 1835 3530 itidem
1859 3478 1957 3533 vera
1973 3467 2017 3531 at
2031 3474 2169 3552 quoque

486 3590 632 3664 iterum
654 3581 858 3658 verticalia
879 3579 986 3661 sunt,
1012 3589 1059 3654 ut
1085 3603 1141 3677 ex
1158 3578 1230 3652 hac
1247 3578 1328 3652 sola
1346 3578 1514 3666 fabrica,
1539 3579 1751 3665 Erucaria,
1777 3583 1825 3655 ab
1846 3584 2034 3659 omnibus
2060 3581 2169 3675 cogni·

484 3717 538 3789 tis
558 3713 706 3811 plantis
725 3707 907 3823 facillime
928 3704 1112 3800 distingui
1133 3700 1261 3804 possit.
1331 3784 1334 3791 Ἰ

584 3892 749 3987 Siliquae
759 3890 892 3991 spuria
912 3892 1017 3974 sunt,
1044 3913 1135 3984 quae
1149 3912 1337 3964 verarum
1348 3888 1567 3966 formam&
1580 3890 1814 3967 strusturam
1835 3917 1891 3967 ex
1906 3891 1982 3966 alie
1995 3892 2167 3966 aemulan·
2240 3928 2242 4005 l

485 4034 572 4115 tur,
597 4034 638 4096 at
657 4020 868 4095 seminibus
890 4018 1065 4111 gaudent
1088 4017 1234 4091 fabrica
1257 4015 1534 4113 diversissimis.
1584 4018 1715 4095 Omne
1736 4040 1879 4116 nempe
1902 4042 2015 4093 verae
2038 4019 2167 4112 siliquae
2241 4014 2242 4069 l

484 4151 618 4229 semen
638 4142 939 4221 constantissime
959 4143 1301 4218 exalbuminosum
1326 4143 1401 4227 est,
1426 4144 1465 4219 δι
1483 4147 1747 4241 embryonem
1769 4148 1964 4230 continet,
1988 4146 2097 4221 testae
2117 4165 2166 4214 ca·

484 4278 620 4365 vitati,
646 4273 711 4346 sua
737 4270 1025 4363 magnitudine,
1052 4266 1193 4344 exaste
1207 4270 1512 4367 respondentem
1536 4283 1654 4367 atque
1678 4272 1867 4356 radicula,
1898 4273 2166 4368 cotyledonum

485 4401 676 4477 lateribus
698 4396 971 4480 accumbente,
998 4396 1188 4470 dotatum.
1222 4392 1380 4494 Spuriae
1405 4410 1547 4474 contra
1570 4399 1720 4496 siliquae
1739 4399 1893 4482 semen,
1914 4401 1957 4471 in
1980 4399 2165 4474 omnibus,

485 4537 755 4629 praeterquam
776 4525 814 4595 in
835 4522 1051 4616 Bignonia,
1076 4523 1362 4600 albuininosum
1378 4525 1455 4612 est,
1486 4537 1605 4621 atque
1621 4528 1790 4622 enibryo
1814 4520 1920 4621 ejus,
1947 4528 2166 4623 plerumque

485 4652 782 4734 minutissimus,
809 4649 1026 4724 velsaitem
1048 4671 1249 4744 nunquam
1274 4656 1326 4724 ita
1343 4663 1537 4730 curvatus
1560 4652 1895 4751 deprehenditur,
1920 4646 2164 4745 uteondupli·

485 4792 597 4857 catus
624 4768 760 4853 autin
793 4778 831 4852 se
851 4777 1094 4853 convolutus
1119 4778 1194 4853 dici
1219 4778 1348 4880 possit
1397 4779 1487 4856 Has
1511 4780 1664 4881 spurias
1689 4780 1866 4874 siliquas,
1898 4781 1937 4852 in
1963 4774 2165 4850 Borconiai

610 4930 612 4933 ’
1962 4901 2163 4998 Bignonia

529 5125 574 5202 i.)
598 5119 827 5203 Raphanislruin
857 5116 1037 5203 aleppiciun.
1082 5122 1125 5180 Ex
1150 5117 1209 5180 fide
1237 5119 1319 5180 horti
1342 5121 1410 5183 sicci
1429 5118 1652 5193 Rauwolliani,
1681 5120 1734 5204 qui
1754 5119 1862 5193 Leydae
1882 5117 2052 5182 asservatur.
