4567 5959
494 488 638 565 xc'um
1202 511 1508 567 aa·

695 717 1008 794 membranaceae
1030 712 1164 790 saltem
1185 714 1362 792 suerint:
1389 712 1537 812 Sicyos
1557 718 1596 792 δι
1615 712 1793 795 Stellatae
1820 720 1956 796 variae.
2008 721 2112 798 Hinc
2132 749 2175 800 ex

703 847 792 941 lege
800 842 987 944 oppositi,
1006 843 1169 917 abaccis
1184 842 1464 920 removendae:
1479 845 1671 940 Bulbine,
1695 845 2111 933 Neurada,'Parilinrn
2120 851 2198 926 dcc,
2242 831 2243 884 l

699 974 884 1068 quamvis
903 991 1106 1063 nunquam
1127 968 1343 1057 dehiscant;

632 1125 786 1229 spuria,
819 1145 912 1220 quae
934 1145 991 1198 ex
1017 1123 1295 1216 integumento
1329 1146 1570 1222 quocunque
1594 1126 1785 1211 carnoso,
1822 1148 1896 1224 per
1929 1133 2176 1206 maturitatem

696 1253 857 1327 demum
877 1251 1018 1327 ovario
1035 1245 1311 1346 superindutto
1328 1249 1558 1327 formantur
1584 1251 1624 1326 δι
1646 1252 1783 1326 baccas
1798 1275 1919 1329 veras
1940 1257 2179 1330 aemulantur:

666 1384 669 1393 “
704 1382 745 1452 in
768 1378 982 1477 Junipero,
1007 1374 1142 1457 Taxo,
1167 1373 1420 1471 Gaultberia,
1444 1376 1617 1462 Basella,
1644 1376 1865 1454 Coccoloba
1881 1378 1920 1454 δι
1935 1380 2031 1455 aliis.
2064 1382 2178 1476 Quan-

688 1508 751 1582 -do
774 1503 907 1580 autern
924 1526 1080 1579 merum
1101 1503 1398 1600 receptaculum
1420 1507 1627 1580 carnosum
1646 1506 1709 1589 iit,
1733 1507 1836 1581 utin
1855 1505 2068 1601 Fragaria,
2092 1507 2178 1583 Och-

698 1656 775 1717 na‚
801 1627 1005 1727 Acajuba,
1028 1627 1149 1725 Fica,
1174 1630 1213 1705 id
1235 1652 1319 1706 non
1339 1630 1474 1727 bacca,
1506 1631 1571 1708 scd
1598 1634 1895 1733 receptaculum
1920 1630 2095 1712 hamarum
2123 1637 2179 1709 dici

696 1772 886 1836 rueretur.

595 1927 780 2023 Reliqnae
805 1928 1013 2003 baccarum
1038 1924 1276 2001 differentiae
1298 1928 1496 2026 propriae,
1532 1949 1627 2024 quaa
1650 1927 1777 2003 adhuc
1802 1927 2009 2020 notandae,
2036 1928 2181 2003 redeunt

499 2056 548 2133 ad
562 2059 717 2131 variam
728 2052 871 2152 Pulpao
885 2052 1171 2130 consistentiam
1194 2063 1313 2148 atque
1328 2055 1534 2139 fabricam,
1560 2078 1728 2131 necnon
1750 2056 1799 2132 ad
1820 2059 2070 2131 mutationes
2086 2076 2180 2150 quas-

500 2182 589 2257 dam
604 2184 644 2254 in
662 2180 867 2257 nonnullis
889 2182 1015 2256 baccis
1037 2183 1206 2255 maturis
1222 2192 1394 2257 externe
1417 2194 1692 2261 occurrentes.

596 2362 738 2463 Pulpae
764 2365 1033 2449 confistentia,
1070 2363 1170 2438 ficut
1198 2365 1264 2440 illa
1291 2366 1421 2440 baccae
1447 2368 1593 2451 totius,
1626 2367 1848 2460 generatim
1881 2365 2016 2443 mollis
2042 2366 2118 2450 est,
2148 2374 2183 2437 nt

501 2495 617 2567 etiam
633 2494 707 2565 alia
724 2494 967 2591 pericarpia,
989 2495 1083 2586 quin
1099 2492 1138 2565 δι
1158 2492 1236 2589 ipsa
1255 2492 1420 2576 semina,
1446 2492 1604 2588 quando
1626 2516 1681 2567 ex
1703 2502 1843 2591 parte,
1866 2493 1989 2591 pulpa
2012 2494 2118 2569 molli
2132 2492 2182 2566 do·

500 2631 581 2693 tata
595 2620 703 2703 sunt,
728 2614 874 2692 baccata
896 2617 1095 2701 dicantur3
1120 2618 1184 2692 sed
1202 2618 1418 2717 speciatim,
1444 2619 1565 2692 fluida
1588 2620 1787 2694 interdum
1812 2620 1851 2694 δι
1870 2621 1944 2695 vix
1960 2642 2045 2693 non
2068 2619 2182 2714 aquosa

502 2746 557 2821 est
566 2747 714 2845 pulpa:
736 2746 775 2817 in
786 2741 977 2826 Anabafi3
998 2743 1216 2836 glutinosa,
1240 2748 1279 2819 in
1293 2744 1435 2829 Visco,
1461 2747 1758 2843 mucilaginosa,
1786 2751 1826 2821 in
1843 2745 2094 2845 Nymphaea
2117 2766 2181 2818 car·

503 2874 620 2958 nosa,
646 2876 684 2944 in
700 2869 916 2953 Phoenica
937 2869 1126 2966 fungosa,
1153 2874 1192 2946 in
1211 2871 1511 2967 Mandragora;
1538 2873 1576 2947 bc
1598 2873 1769 2971 denique
1786 2876 1922 2970 granis
1937 2872 2110 2955 callosis,
2132 2877 2183 2943 aut

502 2996 616 3095 fibris
638 2996 868 3072 durioribus
895 2998 1143 3082 intermixta,
1176 3000 1215 3071 in
1248 2995 1398 3096 Sapota
1429 2999 1469 3075 dc
1501 2997 1767 3095 Cyminosma.
1816 2998 2183 3081 Fabricaautemin

502 3112 733 3200 universum
759 3125 912 3221 triplex
942 3123 1028 3198 est:
1057 3126 1107 3198 1⁰.
1132 3122 1346 3197 uniformis
1371 3124 1400 3196 l,
1420 3125 1760 3218 subhomogenea,
1801 3130 1931 3224 qualis
1955 3130 1997 3200 in
2027 3125 2184 3199 omnibus

504 3252 624 3327 modo
650 3248 762 3325 dictis
783 3250 822 3325 bc
840 3251 1023 3349 plurimis
1039 3252 1125 3324 aliis
1146 3253 1359 3347 reperitur.
1409 3256 1467 3323 20.
1493 3249 1748 3336 vesicularis,
1773 3254 1838 3331 seu
1855 3279 1908 3331 ex
1929 3253 2086 3357 cellulis
2101 3250 2183 3322 clau·

504 3378 557 3453 iis
579 3377 618 3451 dc
639 3378 828 3476 peculiari
845 3377 1054 3453 substantia>
1067 3377 1236 3476 repletis
1249 3375 1539 3449 consarcinata:
1562 3380 1667 3450 utin
1689 3377 1822 3463 Citro,
1846 3377 2070 3455 Cucumi&
2088 3374 2182 3449 illan·
2242 3469 2243 3490 Χ

506 3505 675 3599 gostana.
702 3506 741 3580 dt
760 3511 813 3594 3⁰.
839 3505 1102 3596 arilliformis,
1128 3503 1222 3576 dum
1243 3503 1319 3576 scil.
1333 3503 1456 3600 pulpa
1469 3504 1607 3576 nullibi
1629 3527 1717 3578 cum
1736 3507 1955 3604 parietibus
1973 3505 2184 3579 loculamen·
2242 3491 2243 3552 Ῐ

506 3647 639 3706 torum
656 3632 1052 3710 cohaererevidemr,
1079 3630 1143 3705 sed
1163 3654 1218 3703 ex
1232 3651 1373 3703 eorum
1391 3634 1568 3706 cavitate
1578 3640 1762 3725 tanquam
1772 3635 1986 3732 peculiaris
2008 3629 2185 3707 folliculus

506 3760 696 3858 pulposus
711 3762 834 3834 eximi
852 3757 999 3857 potest,
1026 3758 1093 3851 qui
1109 3778 1236 3829 unum
1251 3764 1323 3829 aut
1333 3756 1410 3830 dno
1427 3756 1572 3829 semina
1584 3760 1623 3830 in
1643 3758 1833 3857 separatis
1847 3759 2002 3838 cellulis
2015 3761 2184 3835 continet:
2242 3747 2243 3764 ¹

508 3889 548 3961 in
565 3886 768 3972 Limonia,
794 3886 983 3981 Bryonia
1008 3881 1174 3983 laciniosa
1196 3882 1236 3958 dc
1256 3883 1547 3978 quodammodo
1572 3886 1612 3958 in
1640 3884 1838 3985 Jasmino,

606 4080 860 4157 Mutationes
876 4103 971 4156 raro
984 4080 1089 4166 aliae,
1116 4101 1236 4175 quam
1251 4078 1423 4162 coloris,
1444 4087 1618 4156 externe
1646 4085 1686 4156 in
1710 4083 1844 4159 baccis
1863 4086 2034 4160 maturis
2056 4081 2184 4158 contin·

509 4217 628 4303 gunt,
660 4231 784 4302 quum
806 4230 886 4283 una
914 4231 970 4281 ex
992 4210 1209 4307 praecipuis
1236 4229 1375 4281 earum
1405 4205 1563 4282 dotibus
1590 4207 1653 4299 fit,
1689 4219 1736 4284 nt
1760 4233 1966 4305 nunquam
1995 4210 2183 4286 dehiscant,
2242 4257 2243 4294 :

509 4334 689 4429 adeoque
713 4357 788 4410 nec
803 4334 972 4411 formam
994 4336 1102 4411 ibam
1127 4336 1242 4410 facile
1267 4342 1436 4410 mutent.
1485 4329 1678 4409 Attamen
1703 4335 1848 4411 dantur
1869 4337 2091 4421 nonnullae,
2114 4346 2184 4425 qut
2242 4333 2243 4336 ’

496 4466 558 4537 ab
575 4465 648 4536 hac
661 4462 801 4556 regula
818 4461 1054 4539 defleuunt:
1079 4463 1139 4538 Ita
1160 4468 1266 4538 enim
1284 4460 1509 4558 Myristicae
1533 4462 1663 4545 bacca,
1688 4486 1764 4560 per
1783 4467 2074 4545 maturitatem,
2098 4463 2133 4534 in
2144 4453 2183 4528 al·
2242 4445 2243 4462 '

512 4600 603 4665 tero
618 4590 687 4663 suo
708 4590 852 4675 latere,
877 4590 1272 4685 rima-longitudinali
1295 4589 1473 4674 dehiscit;
1503 4588 1542 4663 ὃ(
1567 4590 1620 4663 ita
1638 4611 1799 4685 quoque
1826 4588 2017 4691 Xylopiae
2037 4581 2184 4663 fruetus.

511 4715 629 4790 flmili
651 4714 781 4790 fissura
807 4720 846 4790 in
876 4718 1030 4792 vertice
1053 4718 1197 4818 saepius
1217 4716 1463 4795 dividuntur.
1513 4713 1620 4788 Aliae
1647 4739 1751 4793 vero
1783 4714 1956 4802 clastice,
1988 4717 2055 4793 vel
2075 4713 2185 4790 saltem

510 4843 655 4941 sponte
668 4846 708 4917 in
730 4845 892 4919 lacinias
909 4842 1152 4939 irregulares
1172 4853 1418 4942 rumpuntur
1441 4852 1561 4936 atque
1582 4853 1738 4917 matura
1758 4843 1826 4917 sua
1854 4844 2028 4920 fundunt
2047 4842 2184 4919 semina:

512 4978 559 5045 ut
572 4969 793 5047 Charantia
802 4980 922 5065 atque
935 4967 1109 5060 Punicar
1132 4974 1238 5059 aliae,
1264 4968 1415 5071 dejecto
1433 4971 1598 5048 verticis
1613 4971 1804 5070 operculo
1816 4964 1952 5047 hiant:
1971 4968 2184 5047 utMomor·

2121 5089 2184 5165 dica

2241 5252 2242 5301 i
