4567 5959
459 529 651 587 axxv111
1168 497 1476 566 -ι-ό--ι

468 746 590 824 mice‚
617 735 789 819 Acnida,
816 733 972 810 Basella
993 735 1032 811 dt
1050 735 1158 810 aliis:
1185 748 1325 812 contra
1348 747 1482 813 autem
1504 736 1534 811 sl
1559 739 1599 813 in
1625 739 1693 815 illo
1719 740 1843 827 statu,
1870 740 2052 814 ovarium
2075 743 2164 819 intra

467 869 583 945 floris
602 863 800 942 delitescat
814 862 1053 948 thalamum,
1080 873 1150 938 aut
1174 863 1398 960 fistamina,
1423 878 1544 963 atque
1564 868 1693 967 petala
1712 867 1893 943 altissime
1914 866 2031 964 supra
2053 869 2164 944 sedem

467 997 627 1071 fructus
647 989 773 1085 calyci
788 987 941 1064 fuerint
955 989 1121 1073 inserta3
1148 1000 1245 1064 tunc
1260 996 1298 1065 in
1311 997 1437 1091 priori
1451 995 1539 1069 casir
1554 995 1771 1082 audenter,
1797 996 1836 1068 in
1854 993 2063 1092 posteriori
2077 1020 2163 1071 vero
2196 968 2214 1013 '¹

469 1124 520 1198 ob
541 1120 784 1213 analogiam,
808 1113 968 1189 fructus
989 1110 1184 1210 ejusmodi
1201 1118 1248 1193 ad
1266 1121 1420 1197 inferos
1437 1132 1631 1220 poterunt
1648 1122 1816 1206 referri,
1842 1132 1889 1194 ut
1907 1123 1946 1192 in
1965 1119 2162 1196 Alchemil·

468 1252 528 1333 la,
555 1245 815 1341 Agrimonia,
841 1242 963 1326 Rosa,
1002 1243 1165 1317 Rhexia
1189 1243 1230 1318 dc
1254 1248 1351 1325 aliis.
1402 1249 1557 1327 Deinde
1581 1252 1700 1327 etiam
1727 1249 1861 1326 sedulo
1884 1248 2162 1346 dispiciendum,

469 1399 588 1471 quam
602 1376 681 1446 late
691 1371 849 1447 fructus
858 1369 982 1465 calyci
998 1370 1167 1445 adnatns
1183 1369 1262 1446 srt‘l
1289 1372 1317 1446 ss
1334 1375 1439 1449 enim
1455 1376 1572 1474 plane
1588 1374 1723 1450 nullus
1735 1385 1805 1450 aut
1816 1366 2035 1449 levissimus
2046 1376 2163 1449 saltem

470 1504 576 1575 inter
606 1498 696 1573 istas
718 1508 856 1597 partes
872 1498 990 1571 detur
1016 1517 1170 1581 nexus,
1197 1510 1316 1593 atque
1332 1500 1493 1576 stamina
1513 1504 1678 1579 corollae
1694 1514 1764 1579 aut
1778 1503 1953 1577 thalamo
1970 1500 2045 1574 sint
2064 1501 2163 1574 adna·
2219 1586 2223 1593 ἱ

469 1636 534 1711 ta3
565 1625 722 1699 fructus
743 1625 834 1698 illos
859 1623 908 1698 ad
922 1625 1088 1722 superos
1104 1628 1302 1701 tunicatos
1317 1632 1637 1723 mandabimus,
1660 1633 1769 1705 utin
1791 1628 2084 1720 Melastomate,
2107 1625 2163 1702 Oi·

470 1753 629 1835 beekia,
656 1747 885 1844 Saxisraga3
911 1747 969 1822 sm
992 1751 1114 1846 calyx
1138 1752 1326 1827 adunam
1349 1758 1508 1841 tertiam
1529 1767 1599 1831 aut
1617 1755 1815 1829 dimidiam
1840 1755 1895 1828 sui
1921 1763 2074 1853 partem
2089 1774 2164 1825 cum

470 1880 604 1955 fructu
620 1877 788 1951 coalitus
805 1875 875 1960 fit,
904 1878 973 1953 Vel
990 1878 1083 1951 Olim
1102 1878 1244 1961 suerltl
1270 1854 1548 1959 tunc'omnino
1570 1877 1766 1977 ejusmodi
1788 1881 1945 1955 fructus
1968 1879 2014 1953 ad
2035 1879 2164 1953 inferos

390 2053 392 2057 -
470 2016 592 2084 erunt
609 2002 863 2086 amandandi,
891 2014 937 2077 ut
962 2007 1001 2076 in
1026 2004 1198 2090 Bruma,
1225 2004 1406 2103 Samolo,
1433 2006 1594 2092 Grielo,
1620 2008 1905 2106 Philadelpho,
1931 2006 2164 2100 Mesembry-

470 2124 660 2209 anthemo
681 2130 721 2205 δι
748 2130 845 2205 aliis.
895 2128 1082 2226 Denique
1106 2137 1225 2209 etiam
1252 2137 1491 2221 involucrati
1522 2136 1710 2221 fructus,
1735 2134 1807 2208 nifi
1832 2133 2062 2209 manifestus
2088 2128 2165 2205 adsit

470 2261 594 2356 calyx
613 2259 802 2356 superus,
828 2278 1032 2352 nunquam
1049 2285 1136 2335 cum
1154 2265 1340 2355 genuinis
1370 2262 1511 2338 inseris
1538 2262 1720 2337 miscendi
1741 2263 1848 2346 sunt3
1878 2261 1917 2334 dt
1942 2264 2018 2334 rite
2036 2259 2164 2358 ponde·

470 2385 770 2481 randum,quid
787 2387 824 2460 in
843 2389 1052 2470 tunicatis,
1079 2388 1260 2483 analogia
1285 2390 1325 2465 δι
1349 2410 1620 2483 congenerum
1643 2389 1869 2486 plantarum
1890 2388 2053 2467 fabrica,
2077 2407 2164 2484 prae·

471 2516 605 2590 sertim
626 2517 663 2586 in
680 2514 828 2614 plantis
843 2513 1101 2609 calycilloris,
1129 2515 1332 2607 suadeant,
1358 2538 1409 2589 ne
1424 2538 1572 2610 genera
1594 2517 1790 2589 naturalia
1814 2527 1968 2614 praeter
1990 2510 2165 2617 necesita-

473 2651 557 2715 tem
572 2641 859 2716 dilacerentur:
885 2654 932 2714 ut
953 2651 1087 2714 tamen
1115 2641 1154 2711 in
1178 2640 1327 2715 casibus
1350 2640 1468 2738 plane
1495 2641 1641 2726 dubiis,
1670 2646 1805 2741 potius
1832 2665 1908 2740 pro
1933 2641 2009 2717 situ
2029 2638 2165 2739 supero.

473 2789 592 2862 quam
612 2792 687 2865 pro
714 2768 844 2842 infero
868 2768 1111 2850 decidamuS,
1138 2769 1230 2859 quia
1254 2768 1319 2842 ille
1346 2767 1386 2842 ἃ
1410 2767 1661 2862 frequentior
1687 2770 1727 2843 ὃ(
1750 2772 1875 2863 magis
1901 2769 2092 2842 naturalis
2112 2762 2164 2838 eit

477 2892 778 2988 Qualiscunque
797 2905 931 2968 autem
943 2893 1140 2967 fructibus
1156 2901 1356 2991 competat
1372 2892 1468 2968 fitus
1481 2899 1693 2994 proprius,
1725 2897 1760 2970 id
1779 2899 1997 2970 axiomatis
2015 2896 2097 2967 loco
2111 2890 2166 2964 ha-

473 3019 648 3094 bendum
664 3022 762 3103 erit,
791 3022 897 3116 quod
911 3024 951 3094 in
968 3044 1050 3094 uno
1074 3018 1292 3112 eodemque
1308 3041 1458 3113 genere
1479 3024 1669 3107 naturali,
1695 3022 1848 3121 duplex
1871 3020 2089 3096 s'diversus
2107 3012 2166 3090 else

475 3164 668 3239 nequeat,
695 3144 758 3220 sed
774 3145 880 3239 quod
898 3148 1047 3245 species
1060 3147 1107 3220 ad
1122 3145 1276 3221 diversa
1294 3167 1443 3238 genera
1470 3147 1638 3224 debeant
1653 3146 1877 3225 amandari:
1904 3149 1998 3221 hinc
2019 3145 2166 3220 Crinum

475 3276 649 3375 ostaticum
665 3269 705 3344 dc
725 3270 950 3347 Houstonia
958 3296 1157 3372 purpurea,
1182 3296 1272 3347 cum
1295 3275 1461 3367 reliquis
1482 3274 1704 3372 speciebus,
1731 3278 1808 3375 sub
1822 3299 1904 3349 uno
1921 3262 2070 3373 genere
2092 3265 2167 3344 mili·

450 3410 453 3415 ’
474 3410 561 3477 tare
578 3409 798 3494 nequeunt.

573 3609 744 3686 Ceteras
769 3610 973 3685 fruetuum
994 3611 1241 3686 extrinsecas
1265 3606 1517 3695 affectiones,
1549 3614 1860 3705 magnitudinem
1881 3608 1955 3686 scil.
1983 3619 2097 3704 atque
2114 3628 2166 3677 co·

475 3739 623 3824 lorem,
649 3762 701 3813 ne
722 3739 924 3813 mentione
947 3737 1105 3831 quidem
1121 3737 1210 3812 heic
1228 3738 1368 3832 dignas
1386 3739 1612 3822 censemus,
1639 3750 1782 3838 utpote
1804 3740 1921 3837 supra
1944 3736 2100 3811 modum
2115 3752 2168 3805 va·

474 3868 557 3940 rias
571 3876 692 3959 atque
719 3863 945 3940 variabiles
996 3862 1059 3936 De
1074 3865 1344 3958 magnitudine
1363 3874 1495 3938 tamen
1516 3867 1737 3957 generatim
1756 3865 2052 3945 adnotabimus,
2079 3852 2167 3952 quod

476 3994 517 4064 in
539 3989 769 4065 Palmarum
789 3991 828 4065 dt
857 3990 1166 4066 Cucurbitarum
1193 4002 1335 4085 gente,
1362 3992 1540 4064 omnium
1564 3989 1794 4086 crassrffimi,
1820 3992 1860 4067 u
1883 3996 1922 4065 in
1942 3986 2166 4083 Legumino-

476 4117 606 4193 sarum
628 4118 756 4202 tribu,
780 4123 960 4192 omnium
985 4115 1198 4212 longiffimi
1222 4118 1379 4192 fructus
1398 4116 1645 4190 habeantur:
1671 4116 1842 4191 Lontari
1867 4120 1975 4190 enim
1999 4109 2166 4189 maldivicu

476 4243 611 4326 bacca,
636 4243 740 4317 haud
755 4268 848 4317 raro
869 4265 994 4317 unum
1017 4268 1105 4320 curn
1127 4243 1286 4317 dimidio
1306 4243 1476 4342 pedem,
1512 4223 1579 4315 sua
1604 4244 1794 4326 crailitie,
1823 4243 1864 4318 dr
1887 4242 2069 4316 lVlimosae
2082 4234 2166 4334 scan-

476 4365 589 4442 dentis
611 4367 819 4461 legumen,
846 4371 949 4466 saepe
975 4369 1043 4444 sex
1069 4367 1194 4464 pedes
1215 4368 1487 4452 londinenses,
1514 4369 1581 4443 sua
1599 4370 1868 4464 longitudine,
1894 4374 2088 4460 exaequat.
2131 4355 2167 4428 In

478 4493 829 4569 Umbelliserarum
848 4517 1008 4589 quoque
1023 4495 1312 4589 distributione,
1337 4496 1539 4571 fructuum
1564 4498 1794 4588 magnitudo
1817 4493 1953 4594 pashm
1974 4497 2014 4566 in
2030 4488 2166 4565 censum

452 4623 621 4698 -venire
643 4621 765 4704 solet;
791 4620 853 4696 sed
878 4623 916 4693 in
941 4623 1023 4714 his,
1051 4627 1154 4697 ratio
1181 4620 1360 4696 crassitiei
1390 4623 1437 4695 ad
1466 4622 1774 4713 longitudinem,
1814 4617 1977 4718 majoris
1998 4606 2165 4693 momenti

479 4746 556 4822 else
584 4747 775 4829 videtur,
809 4769 927 4841 quam
949 4750 1028 4823 sola
1051 4750 1335 4844 magnitudinis
1361 4749 1544 4822 relativae
1573 4748 1850 4837 consideratio,
1882 4748 1952 4825 etii
1979 4768 2052 4821 nec
2078 4742 2164 4814 haec,

478 4873 701 4974 praesertim
723 4878 764 4949 in
788 4872 1026 4954 differentiis
1041 4878 1248 4977 specificis,
1274 4873 1393 4976 plane.
1405 4874 1643 4968 negligenda
1667 4874 1725 4949 sit.

2072 5097 2164 5173 luter
