4567 5959
472 529 552 592 ,χχχ
1168 503 1172 514 ’
1187 509 1491 570 m

478 737 573 799 rum
586 719 786 799 seminulis
801 709 1008 818 (olibera
1022 714 1063 793 δι
1076 715 1251 813 undique
1272 720 1398 794 soluta
1416 716 1637 818 procedere
1649 717 1919 813 solett'quare
1934 719 2057 798 libera
2075 722 2185 822 ejus

480 850 589 925 modi
602 846 773 924 radicula
791 850 899 923 inter
917 848 1090 921 certiora
1104 846 1263 921 seminis
1279 848 1369 922 veri
1388 845 1742 941 fignadiagnostica
1756 855 1847 920 tuto
1863 848 2009 922 reserri
2022 856 2183 948 poterit

462 957 618 1074 ''Scapi,
655 975 719 1048 seu
749 974 870 1073 ipsius
897 976 1081 1069 corporis
1106 996 1277 1066 gemmae
1303 974 1507 1066 evolutio,
1549 973 1585 1047 id
1608 977 1831 1067 generatim
1861 978 2017 1074 proprii
2048 977 2184 1062 habet,

480 1103 588 1198 quod
608 1100 775 1176 success'n
801 1105 996 1197 temporis
1023 1099 1126 1174 haud
1151 1123 1334 1194 magnam
1364 1124 1386 1173 a
1407 1101 1613 1200 primitiva
1629 1099 1696 1172 sua
1716 1100 1845 1194 figura
1869 1104 2043 1199 patiatur
2064 1114 2186 1177 muta·

462 1227 652 1305 ‘tionemz
690 1228 785 1300 dum
806 1235 945 1300 contra
968 1228 1007 1299 in
1034 1227 1199 1311 semine,
1226 1229 1389 1312 evoluta
1412 1227 1547 1325 planta
1580 1249 1602 1299 a
1628 1225 1802 1299 seminali
1828 1227 2067 1321 embryone,
2099 1229 2186 1303 fere

477 1357 634 1452 semper
648 1352 885 1434 notabilem,
901 1353 997 1450 quin
1013 1355 1215 1446 ingentem
1228 1354 1331 1451 saepe
1346 1357 1385 1426 in
1400 1352 1560 1427 modum
1576 1349 1744 1426 differat.
1783 1350 1893 1425 Hinc
1906 1355 2025 1427 etiam
2039 1351 2186 1430 Auru·

459 1481 615 1556 'sonus
635 1478 719 1576 (2),
748 1477 785 1552 id
800 1480 905 1551 inter
927 1500 1103 1571 gemmas
1123 1487 1243 1572 atque
1258 1480 1405 1555 semina
1418 1477 1617 1574 essentiale
1638 1478 1884 1553 intercedere
1897 1478 2029 1553 voluit
2046 1482 2186 1556 discri-

478 1629 596 1692 men,
618 1605 725 1700 quod
746 1605 825 1678 illae
843 1602 971 1678 statim
987 1607 1035 1679 ab
1062 1603 1242 1682 ortusuo
1262 1607 1456 1682 matribus
1479 1605 1559 1679 suis
1582 1601 1729 1677 ssmiles
1752 1602 1851 1688 smt;
1884 1605 2031 1680 semina
2051 1620 2186 1684 autem

456 1711 599 1810 'unam
624 1734 775 1808 duasve
790 1741 979 1828 promant
1004 1732 1288 1827 cotyledorreS‚
1314 1741 1527 1828 antequam
1551 1732 1692 1804 matris
1713 1728 2006 1808 similitudinem
2028 1739 2185 1810 nancis·
2224 1745 2227 1756 '

478 1872 631 1936 tantm.
683 1854 763 1964 Sed
779 1858 855 1932 hoc
872 1858 1086 1932 discrimen
1109 1860 1297 1933 nonsatis
1312 1871 1467 1934 certum
1489 1859 1528 1936 dt
1547 1859 1769 1933 universale
1783 1858 1858 1943 est,
1884 1863 1943 1934 uti
1962 1861 2001 1935 id
2015 1860 2186 1958 Cannae,

478 1987 661 2070 Bontiae,
688 1984 908 2072 Nelumbo,
935 1983 1195 2069 Graminum‚
1228 1985 1267 2059 &
1292 2009 1348 2060 ex
1368 1985 1494 2059 altera
1518 1993 1650 2084 parte,
1674 1983 1981 2084 Hepaticarum,
2006 1989 2188 2064 aliarum·

479 2136 558 2209 que
575 2114 778 2212 exemplis
798 2114 1010 2186 contrariis
1035 2112 1142 2186 clare
1166 2113 1374 2197 docemur;
1397 2135 1522 2207 quare
1542 2133 1627 2185 non
1650 2115 1811 2211 penitus
1826 2113 1985 2206 quidem
2003 2110 2186 2210 rejicien-

478 2240 590 2322 dum,
616 2249 731 2313 caute
756 2250 892 2313 tamen
909 2261 958 2311 eo
975 2237 1169 2313 utendum
1189 2237 1264 2315 else
1291 2240 1506 2315 censemus.
1568 2235 1818 2314 Accelsorias
1834 2239 2005 2334 denique
2028 2253 2186 2341 partes,

475 2368 586 2463 quod
600 2369 764 2451 attinet,
790 2363 868 2441 illae
888 2368 927 2438 in
944 2368 1115 2460 gemmis
1127 2365 1369 2463 plerumque
1393 2376 1486 2440 ante
1509 2368 1843 2460 germinationem
1865 2368 2067 2452 defluunt3
2094 2390 2186 2462 quae

476 2517 582 2574 vero
605 2492 843 2593 persistunt,
874 2499 923 2565 ut
942 2489 1170 2565 Bulborum
1191 2490 1384 2584 squamae,
1419 2515 1480 2566 eae
1499 2496 1572 2568 vix
1595 2501 1665 2565 aut
1688 2515 1874 2591 pamma
1896 2495 2186 2587 germinatione

475 2628 702 2712 mutantur,
729 2618 793 2693 sed
814 2617 1020 2716 pristinam
1041 2618 1150 2690 suam
1174 2615 1345 2691 sormam
1369 2618 1438 2694 vel
1457 2622 1497 2691 in
1525 2618 1644 2717 ipsam
1671 2641 1821 2695 novam
1850 2619 2027 2716 plantam
2057 2629 2185 2692 trans·

449 2745 633 2819 serunt:
659 2746 700 2817 in
730 2745 878 2818 semine
900 2752 1035 2818 autem
1054 2750 1205 2820 lomnes
1227 2752 1364 2841 partes
1388 2741 1626 2838 messoriae,
1658 2744 1742 2822 five
1765 2744 1815 2819 ad
1838 2746 1996 2829 testam,
2029 2744 2114 2820 five
2136 2745 2187 2819 ad

410 2849 416 2856 ¹
477 2869 743 2964 embryonem
759 2865 953 2966 spetiem,
975 2866 1203 2943 constanter
1222 2890 1245 2939 a
1265 2869 1558 2961 germinatione
1583 2869 1860 2957 destruuntur,
1887 2894 1962 2946 nee
1986 2893 2126 2945 earum
2145 2873 2185 2944 in

478 2996 640 3071 novella
661 2996 797 3094 planta
813 2994 941 3087 ullum
967 3016 1143 3089 unquam
1169 2992 1345 3091 superest
1365 2995 1594 3091 vestigium:
1637 2998 1750 3082 hinc,
1789 3001 1829 3072 ni
1848 2998 2008 3073 Bulbus
2027 2997 2184 3073 aliunde

472 3115 557 3215 jam
574 3120 665 3194 satis
680 3130 804 3196 notus
822 3119 931 3205 esset,
962 3118 1089 3218 posset
1110 3120 1176 3191 ille
1199 3116 1266 3194 vel
1285 3142 1340 3192 ex
1358 3120 1438 3193 sola
1457 3121 1602 3198 formae
1623 3124 1703 3198 suae
1721 3125 1938 3200 constantia
1960 3124 2077 3203 facile
2092 3146 2185 3221 cog·

477 3248 594 3320 nosci
619 3244 658 3320 &
680 3245 727 3320 ab
749 3249 935 3321 omnibus
953 3246 1120 3340 reliquis
1144 3248 1446 3358 propagationis
1469 3251 1632 3343 organis
1650 3259 1741 3325 tuto
1757 3250 1944 3330 discerni.

469 3467 474 3478 '
575 3462 655 3537 His
675 3466 830 3557 itaque,
868 3467 908 3537 in
939 3460 1154 3537 natura&
1187 3463 1317 3560 privis
1348 3483 1598 3556 gemmarum
1633 3465 1793 3542 dotibus
1827 3463 2005 3543 fundatis
2039 3466 2184 3562 signis,

477 3590 694 3665 earundem
708 3614 806 3666 vera
822 3591 935 3664 notio
949 3588 989 3662 δι
1001 3597 1110 3662 certa
1126 3589 1270 3661 nititur
1286 3587 1481 3681 diagnofis
1496 3615 1506 3674 3
1533 3593 1660 3686 iisque
1676 3589 1867 3688 neglettjs
1879 3593 1921 3668 δι
1933 3592 2184 3692 posthabitis,

476 3713 686 3790 nonsolum
709 3736 888 3808 gemmas
910 3716 1053 3811 saepius
1074 3736 1164 3787 cum
1186 3713 1331 3787 semine
1347 3715 1555 3800 conlundi,
1589 3717 1653 3792 sed
1670 3723 1789 3794 etiam
1806 3718 1855 3792 de
1877 3719 1960 3817 ipso
1977 3722 2186 3795 variarum

475 3842 704 3937 plantarum
732 3842 830 3916 sexu
859 3840 1058 3917 sinistrum
1076 3839 1176 3915 ferri
1194 3833 1385 3932 judicium
1402 3841 1557 3917 necesse
1575 3840 1643 3917 est.
1693 3842 1799 3919 Cum
1823 3848 1952 3928 enim,
1985 3858 2033 3922 ut
2056 3848 2184 3941 vulgo

476 3967 566 4039 sieri
588 3968 704 4051 solet,
744 3989 829 4041 non
851 3965 940 4041 aliae
967 3967 1185 4064 pro'veris
1213 3966 1411 4040 habentur
1439 3989 1629 4060 gemmae,
1662 3969 1733 4042 nisr
1763 3994 1856 4065 quae
1885 3972 1964 4046 illis
1993 3975 2185 4050 arborum

476 4088 624 4165 similes
639 4092 750 4176 sunt,
784 4115 867 4166 non
886 4095 1040 4191 poterit
1057 4113 1141 4165 non
1161 4092 1250 4165 fieri
1270 4096 1367 4186 quin
1391 4094 1480 4166 aliae
1506 4094 1545 4168 δι
1567 4093 1764 4188 srgillatim
1786 4097 1965 4196 aphyllae
1988 4121 2132 4175 omnes
2159 4123 2183 4174 e

478 4237 670 4292 verarum
693 4238 866 4292 numero
896 4217 1225 4291 excludantur&
1253 4217 1300 4290 ad
1329 4218 1475 4291 semina
1505 4220 1788 4306 mandentum
1826 4222 1867 4297 &
1893 4224 2183 4317 consequenter

477 4342 614 4423 etiam,
641 4342 738 4432 quin
752 4343 1272 4441 orgamsupponanturaut
1290 4344 1496 4437 tingantur
1510 4343 1788 4423 foecundandis
1807 4348 1889 4424 istis
1908 4350 2182 4447 hypetheticis

475 4463 694 4537 seminibus
706 4465 900 4564 adaptata.
947 4463 1015 4540 Sic
1031 4463 1142 4540 unus
1159 4467 1331 4541 alterum
1350 4472 1456 4567 parit
1472 4493 1614 4557 error3
1640 4472 1692 4546 lic
1711 4498 1812 4549 vera
1829 4475 1981 4572 plantis
1997 4476 2180 4549 tribuun-

475 4599 544 4661 tur
566 4589 728 4681 semina‚
752 4611 844 4684 quae
857 4614 932 4688 per
949 4599 1075 4666 totam
1089 4593 1212 4666 vitam
1228 4593 1335 4666 suam
1351 4617 1402 4668 ne
1419 4597 1586 4671 ovulum
1610 4598 1769 4692 quidem
1785 4602 2008 4701 producere
2026 4600 2181 4680 valent3

475 4712 515 4788 &
533 4713 587 4788 fic
602 4715 774 4810 denique
788 4717 913 4793 sexus
934 4739 1009 4814 per
1028 4718 1265 4795 universum
1280 4742 1454 4814 rognum
1477 4725 1703 4816 vegetabile
1729 4726 1926 4803 dominari
1941 4727 2178 4804 somniatur,

2089 4872 2181 4925 cum

562 4997 602 5079 r.)
625 4999 784 5060 Hennae.
808 4995 874 5057 titt
897 4992 987 5057 muse.
1010 4992 1116 5058 stood.
1134 5000 1175 5060 Π.
1196 5011 1220 5059 t.
1240 5015 1264 5072 5.
1287 4996 1309 5061 f.
1333 5002 1432 5067 zeta
1522 5003 1565 5059 al
1589 5001 1694 5065 senil.
1717 5003 1814 5072 olant.
1835 5029 1861 5070 rt
1879 5029 1913 5092 p.
1931 5023 1997 5081 305.
