4567 5959
788 575 1094 634 :ze-...-
1602 567 1796 627 cxxxvn
1941 552 1945 562 ‘

97 785 355 884 completum,
379 789 499 877 atque
521 778 833 895 incompletum,
858 784 897 859 ὅ(
917 793 1089 879 uterque
1110 780 1259 855 horum
1278 779 1425 854 iterum
1447 778 1518 857 vel
1541 784 1789 860 membrana·

96 930 188 988 aeus
209 911 233 984 s.
253 910 466 991 exfuecus,
496 907 563 986 vel
580 910 714 986 mollis
729 921 808 987 ‚aut
828 907 1091 987 baccatusest.

191 1115 407 1216 completur,
436 1126 568 1193 totum
590 1120 721 1197 semen
751 1123 818 1198 vel
844 1122 1058 1196 maximam
1084 1117 1221 1191 saltem
1251 1110 1340 1211 ejus
1363 1126 1519 1215 partem
1547 1118 1719 1214 obtegit,
1752 1118 1792 1195 δι
1945 1216 1949 1221 ί

95 1248 220 1342 figura
248 1242 491 1343 potiffimum
523 1256 643 1341 atque
670 1247 917 1323 confistentia
943 1248 1011 1323 sua
1036 1244 1182 1321 differt.
1233 1240 1423 1317 Omnium
1453 1236 1793 1342 frequentissimus

96 1376 148 1450 est
156 1356 372 1476 fnstformi-l.
382 1366 893 1468 scobisormi-membranuceus,
919 1377 987 1470 qui
1004 1374 1079 1449 scil.
1101 1396 1158 1445 ex
1180 1367 1405 1443 tenuiffimo
1433 1371 1572 1445 tubulo
1589 1374 1790 1447 membra-

95 1523 237 1581 naceo,
264 1499 453 1591 utrinque
468 1506 695 1582 attenuato,
720 1510 840 1595 atque
856 1502 981 1576 altera
996 1501 1061 1575 sua
1072 1497 1329 1574 extremitate
1344 1501 1521 1571 acutiore
1535 1498 1685 1583 clauso,
1701 1497 1787 1572 for-

96 1636 238 1708 matur,
265 1622 306 1698 &
335 1625 375 1695 in
402 1623 527 1697 media
548 1624 615 1698 sua
634 1628 802 1702 cavitate
829 1626 1126 1701 rninutiilimum
1158 1624 1336 1698 continet
1359 1622 1493 1697 femen
1516 1620 1788 1731 globulosum,

97 1746 202 1846 oujus
223 1750 332 1823 folus
345 1750 556 1825 umbilicus
582 1775 670 1826 cum
695 1750 828 1825 Arillo
854 1751 1056 1828 cohaeret:
1086 1762 1134 1827 ut
1164 1753 1202 1825 in
1228 1747 1397 1846 Pyrola,
1422 1748 1558 1834 Ledo,
1575 1748 1789 1844 Phyladel·

96 1879 171 1979 pho
196 1877 234 1951 &
256 1874 472 1950 Orchideis
494 1878 708 1975 plerisque.
755 1875 966 1955 Clariaceus
986 1880 1034 1953 iit
1064 1903 1119 1954 ex
1140 1879 1294 1955 elastica
1313 1879 1457 1957 lamina
1484 1885 1604 1971 atque
1627 1877 1786 1954 seminis

95 2004 146 2078 sui
160 2001 287 2077 induit
306 2000 503 2077 formam:
532 2012 579 2076 ut
604 2007 644 2077 in
665 2003 824 2090 Coffea,
850 2003 1100 2102 Nystanthe,
1125 2005 1401 2105 Momordica
1426 1999 1787 2101 Membranucro-pul·

92 2125 209 2225 pasus,
240 2128 358 2220 isque
382 2131 492 2225 apice
516 2133 685 2226 pervius
713 2133 883 2207 habetur
909 2135 950 2206 in
980 2131 1225 2227 Evonymo3
1261 2130 1441 2207 elastiens
1465 2129 1505 2204 δι
1529 2128 1710 2214 striatus,
1743 2133 1787 2203 in

98 2251 277 2335 Oxalide;
313 2255 417 2325 acin
439 2252 623 2349 philyrae
653 2256 824 2334 lineares
850 2258 1054 2352 eleganter
1074 2255 1222 2343 festus,
1256 2259 1296 2329 in
1325 2255 1360 2330 T
1361 2265 1551 2330 etracera.
1601 2254 1787 2348 Denique

97 2382 206 2454 etiam
221 2375 386 2454 baccetur
410 2384 586 2453 occurrit
609 2383 648 2453 in
669 2378 846 2477 Scytaiia
866 2394 986 2478 atque
1003 2382 1212 2481 Limonia,
1240 2392 1288 2459 ut
1307 2381 1507 2456 folliculos
1533 2379 1626 2467 illus
1641 2377 1785 2477 pulpo-

97 2504 153 2580 ios
169 2508 205 2578 in
219 2504 420 2600 Bryoniis
432 2503 631 2591 sileamus,
657 2512 726 2601 qui
743 2512 849 2584 inter
865 2507 1044 2586 Aritium
1068 2510 1108 2585 ἃ
1124 2529 1286 2586 carnem
1304 2506 1560 2582 loculamenti
1576 2502 1689 2582 farm
1706 2528 1786 2581 am-

99 2631 246 2727 bigunt,
273 2633 369 2727 quia
390 2653 473 2708 uno
495 2634 611 2735 plura
630 2636 838 2713 continent
855 2636 1010 2717 femina.
1130 2692 1136 2702 .

186 2840 416 2942 incompletos
433 2843 598 2932 dicitur,
622 2852 690 2944 qui
705 2856 861 2947 partem
878 2850 1054 2937 feminis,
1080 2871 1247 2946 eamque
1268 2850 1371 2950 saepe
1383 2845 1599 2925 admodum
1614 2828 1785 2946 parvam

99 2967 255 3064 obtegit,
287 2970 353 3045 sed
377 2993 467 3047 cum
485 2972 671 3048 umbilico
689 2975 787 3050 adeo
809 2976 980 3054 firmiter
998 2978 1201 3064 cohaeret,
1224 2986 1271 3052 ut
1288 2998 1458 3051 unacum
1474 2976 1620 3050 semine
1638 2994 1663 3046 e
1684 2971 1792 3070 peri-¹

99 3097 220 3193 oerpio
239 3096 405 3173 decidat.
435 3097 588 3173 ⁴Etiam
606 3100 841 3196 huicfigura'
860 3113 979 3199 atque
997 3103 1249 3180 consistentia
1270 3103 1463 3201 competit
1477 3103 1610 3178 varia:
1642 3101 1695 3173 ita
1708 3096 1787 3171 scil.

99 3218 302 3319 implicem
319 3220 533 3299 aemulatur
546 3225 708 3319 ligulam
727 3229 1066 3304 membranaceum
1087 3233 1126 3303 in
1141 3228 1353 3311 Tumera3
1379 3232 1558 3325 geminas
1573 3222 1700 3302 refert
1714 3244 1788 3320 pa·
1892 3312 1896 3317 ⁴

99 3346 174 3422 leas
189 3348 484 3446 conduplicatas
496 3353 549 3424 in
566 3349 749 3439 Pedali03
774 3357 932 3430 laminae
946 3358 1083 3431 tenuis
1102 3355 1233 3455 &per
1257 3356 1448 3431 ambitum
1473 3355 1624 3443 ciliataeff
1642 3358 1712 3427 aut
1726 3349 1787 3424 la·

98 3494 192 3545 cerae
203 3473 377 3548 sormam
394 3466 512 3551 habet
526 3474 892 3566 inCommersonia,
917 3479 1075 3555 Delima
1087 3480 1361 3580 &Capnoide3
1388 3482 1611 3556 coriaceum
1628 3476 1669 3551 dt
1680 3473 1786 3548 mul·

97 3598 240 3675 titidum
257 3582 380 3675 efficit
401 3603 559 3677 seminis
579 3602 852 3680 indumentum
870 3608 910 3678 ln
925 3605 1158 3702 Myristica,
1187 3610 1226 3680 in
1248 3631 1326 3703 qua
1346 3609 1558 3706 proprium
1578 3602 1787 3682 Macrino-

97 3746 179 3799 men
195 3727 333 3812 habet3
359 3728 564 3823 fungosam
582 3727 730 3804 format
743 3731 922 3829 capulam
944 3734 982 3804 in
1008 3730 1229 3810 Abromate
1248 3735 1287 3810 tc
1312 3733 1529 3817 Paullinia3
1554 3731 1594 3806 δι
1612 3728 1783 3820 denique

97 3847 303 3943 glandulofi
321 3862 389 3927 aut
404 3853 559 3953 pulpofi
575 3854 807 3931 infundibuli
823 3858 1083 3955 repraesentat
1101 3861 1287 3958 speciem,
1312 3862 1375 3934 cui
1395 3859 1554 3934 seminis
1567 3853 1780 3929 umbilicus

97 3976 166 4054 alte
194 3979 405 4054 immersus
427 3980 484 4055 est
506 3982 546 4053 in
568 3977 765 4080 Cupania,
797 3977 1011 4078 Alcttryo,
1048 3982 1227 4082 Xylopia
1251 3986 1324 4061 &e
1351 4007 1441 4080 quae
1460 3981 1618 4077 quidem
1643 3984 1782 4077 partes

98 4124 227 4181 omnes
244 4107 380 4204 aptius
391 4102 509 4181 Arilla
528 4104 751 4205 incompleta,
775 4130 893 4203 quam
914 4109 1038 4183 meris
1047 4110 1221 4184 umbilici
1236 4110 1511 4186 additamentis
1525 4102 1783 4180 annumerari

97 4225 193 4322 polle
207 4231 414 4316 videntur,
438 4233 530 4326 quia
549 4242 704 4330 partem
724 4234 883 4310 feminis
907 4236 1124 4321 occultant,
1150 4235 1189 4311 &
1202 4257 1293 4312 cum
1312 4235 1404 4338 iplis
1422 4229 1511 4332 ejus
1531 4235 1782 4329 integumen-

97 4352 144 4426 tis
155 4360 384 4454 proximam
403 4357 551 4433 habent
568 4355 811 4434 affinitatem.

1003 4732 1006 4741 ι
