4567 5959
714 478 718 484 Ι
771 525 1075 581 ...ΕΞ
1664 524 1780 582 cxtv

97 733 282 815 reflexi&
303 726 368 809 vel
396 731 436 805 in
459 725 636 815 dorsum,
662 727 731 806 vel
751 731 790 803 in
810 738 998 807 ventrem
1019 734 1179 809 seminis
1200 734 1407 810 convoluti
1428 733 1538 810 sunt:
1570 736 1624 810 ita
1647 735 1779 818 stricte

96 866 265 940 sulcatum
276 858 418 935 dicitur
434 856 621 932 albumen
637 858 678 931 in
688 853 883 936 Phoenice
896 867 938 935 et
951 857 1210 935 Graminibus
1222 862 1366 949 variis3
1393 858 1609 939 convolutum
1623 869 1779 942 veroin

97 986 283 1065 Caucalide
302 993 344 1060 et
363 978 570 1082 Smyrnio.

176 1163 363 1263 Laletana,
388 1166 639 1243 incilionibus
657 1167 1011 1262 longitudinalibus
1036 1172 1076 1244 in
1101 1171 1339 1266 grandiores
1359 1174 1588 1270 portiones,
1615 1177 1721 1249 inter
1737 1175 1776 1250 se

58 1317 67 1324 “
96 1302 207 1372 bmen
218 1296 486 1379 cohaerentes,
516 1294 685 1372 divisum
701 1292 779 1369 est:
804 1293 857 1370 fic
872 1292 1038 1374 trilobum
1051 1299 1091 1390 in
1108 1296 1350 1384 Coccoloba,
1374 1297 1641 1386 Brmmicbia,
1664 1297 1775 1376 Lon·

98 1427 195 1507 tar03
217 1420 255 1496 δι
273 1415 538 1520 quinquenium.
555 1423 596 1495 in
614 1417 824 1516 Aquilicia.

143 1615 145 1620 “
173 1602 376 1703 &anasum
388 1623 447 1681 ex
463 1605 675 1680 moleculis
687 1610 849 1706 parvis,
877 1609 1184 1705 irregularibus,
1214 1613 1321 1690 inter
1344 1611 1383 1687 se
1405 1618 1545 1686 tamen
1567 1610 1776 1686 cohaeren-

95 1730 183 1805 tibus
208 1754 251 1805 ac
271 1732 309 1807 se
338 1739 481 1807 mutuo
507 1753 668 1826 quoque
694 1735 1038 1827 contingentibus,
1078 1737 1340 1835 compotitum
1371 1737 1451 1812 est:
1490 1741 1530 1812 in
1554 1736 1778 1836 Trichopo,

96 1849 292 1951 Grumilea,
317 1855 512 1940 Hedera,
527 1857 568 1933 dr
588 1853 708 1934 instar
729 1859 911 1934 omnium
933 1860 973 1931 in
985 1865 1139 1935 recenti
1154 1860 1286 1939 Cocco
1301 1861 1477 1958 armifera,
1502 1859 1617 1958 cujus
1630 1866 1778 1960 quippe

94 1976 250 2059 albumen
269 2006 324 2080 ex
347 1982 524 2059 carnofis
547 1983 763 2066 trabeculis
782 1988 972 2080 virgatis,
996 1992 1110 2064 varie
1126 1989 1309 2064 ramosis.
1332 2012 1378 2062 ac
1400 1991 1506 2062 inter
1521 1990 1561 2063 se
1574 1989 1778 2063 cohaeren-

93 2107 200 2194 tibus,
232 2110 329 2190 adeo
358 2105 509 2184 affabre
531 2107 801 2186 construttum
831 2110 906 2196 est,
937 2121 1000 2197 ut,
1038 2113 1212 2198 detracta
1235 2117 1394 2189 leminis
1420 2113 1670 2196 membrana,
1696 2133 1779 2186 cra·

93 2233 186 2310 nium
207 2235 403 2330 quoddam
423 2257 592 2313 cernere
613 2237 792 2356 credas„
808 2236 984 2331 undique
1014 2239 1162 2316 suturis
1190 2241 1410 2314 reticulatis
1431 2237 1676 2339 inscriptum,
1709 2249 1781 2314 aut
1896 2346 1910 2356 q

93 2364 201 2435 totum
210 2382 264 2437 ex
277 2361 452 2438 officulis
467 2361 728 2456 ,Wormianis
750 2363 1037 2458 contignatum

171 2568 342 2672 Rimosum
356 2596 500 2674 parum
515 2596 540 2648 a
557 2549 802 2673 praecedenti
820 2570 980 2659 differt,
1004 2571 1076 2648 nili
1092 2571 1199 2669 quod
1217 2573 1443 2657 moleculae,
1471 2575 1511 2647 in
1533 2593 1634 2667 quas
1649 2572 1778 2648 obiter

94 2690 232 2772 divisum
245 2700 314 2784 est,
346 2700 688 2776 intercedentibus
706 2699 864 2773 laminis
879 2701 1191 2776 membranaceis
1208 2700 1306 2774 &ab
1322 2703 1599 2794 integumento
1616 2706 1778 2774 interno

85 2821 432 2930 'moficiscentibum
457 2850 480 2900 a
504 2827 544 2901 le
568 2817 740 2903 invicem
765 2825 1048 2900 discriminatae
1065 2824 1160 2909 lint,
1188 2804 1240 2900 ita
1255 2835 1408 2911 tamen,
1433 2835 1480 2901 ut
1509 2826 1592 2902 i'stae
1619 2828 1779 2900 laminae

93 2964 164 3019 nun
186 2950 396 3028 albuminis
423 2952 633 3029 substantia
660 2972 744 3027 non
768 2929 1023 3039 cohaereant,
1051 2952 1117 3030 sed
1142 2951 1259 3028 facile
1284 2954 1333 3029 ab
1350 2977 1398 3029 ea
1418 2953 1520 3030 solvi
1544 2961 1712 3047 queant:
1740 2952 1781 3026 in

91 3063 263 3163 Annona,
287 3076 494 3181 Xylopia,
528 3077 693 3158 Uvaria.

166 3257 389 3343 Raminatum
403 3264 595 3360 denique,
619 3264 809 3365 proxime
829 3263 1075 3364 praecedenti
1090 3263 1348 3352 ilmillimum,
1372 3274 1550 3342 attamen
1570 3267 1619 3342 ab
1637 3264 1703 3341 illo
1719 3264 1776 3341 di-

90 3380 326 3467 verfiffimum
355 3389 422 3466 en
470 3388 716 3486 Formatur,
740 3398 788 3464 ut
800 3388 948 3465 Pentri
963 3388 1050 3489 (1.)
1072 3395 1211 3469 verbis
1236 3404 1346 3488 utar:
1375 3392 1602 3493 scrupulosa
1619 3393 1779 3467 corticis

89 3504 176 3582 intra
198 3517 387 3592 nucleum
425 3520 715 3618 ruminatione,
751 3520 773 3592 i.
800 3539 823 3591 c
845 3517 1110 3592 inextricabili
1128 3520 1284 3626 milcela
1303 3520 1343 3594 bt
1369 3519 1779 3622 conferruminatione

90 3640 455 3729 integumentorum,
479 3644 702 3741 praesertim
720 3644 963 3717 membranae
977 3643 1337 3729 seminisinternae,
1366 3668 1457 3720 cum
1474 3648 1554 3743 ipsa
1567 3644 1778 3718 albuminis

89 3752 284 3852 substantia,
311 3792 406 3844 eum
424 3771 465 3842 in
486 3769 667 3863 modum,
692 3778 738 3842 ut
766 3771 939 3843 mixtum
960 3770 1092 3844 nuclei
1113 3780 1295 3865 emergat
1322 3791 1492 3870 corpus,
1517 3768 1624 3864 quod
1641 3768 1777 3841 secun·
1884 3828 1888 3836 .

90 3878 165 3959 dum
179 3897 307 3971 varias
322 3892 563 3971 directiones
579 3891 800 3980 differtum,
826 3898 963 3972 varias
984 3905 1104 3990 atque
1118 3900 1255 3973 varias
1272 3895 1515 3970 macularum
1531 3893 1571 3967 δι
1590 3891 1778 3968 striarum

89 4005 395 4096 diverficolorum
414 4019 579 4095 exhibet
603 4022 914 4098 alternationes:
941 4025 981 4094 in
1002 4018 1160 4106 Areca,
1185 4019 1386 4108 Caranda,
1414 4021 1610 4117 Caryota,
1642 4017 1777 4104 Musa,

90 4129 330 4232 Commelina,
356 4144 568 4242 Myristica
583 4147 663 4222 &cz
688 4149 834 4243 quibus
847 4148 887 4223 δι
898 4145 1177 4249 subrumioatum
1201 4147 1388 4221 albumen
1408 4146 1674 4242 Anguillariae
1689 4143 1778 4220 addi

90 4271 226 4364 poterit

169 4450 290 4530 Color
306 4459 383 4536 vix
399 4456 501 4531 alius
516 4476 635 4549 quam
653 4457 767 4532 albus
790 4456 1008 4553 &quidem
1031 4453 1099 4536 vel
1118 4459 1287 4544 niveus,
1315 4461 1355 4533 in
1382 4455 1574 4540 farinoso,
1601 4427 1668 4533 vel
1690 4456 1778 4531 sub-

88 4563 240 4664 tadeus,
266 4585 308 4656 in
335 4583 638 4676 cartilaginoso,
663 4583 733 4659 vel
752 4582 1004 4660 &albescens
1029 4595 1100 4659 aut
1120 4587 1457 4686 aqueo-pallidus,
1479 4589 1520 4658 in
1540 4583 1706 4662 carnoso
1721 4582 1778 4656 al·-

88 4690 227 4780 bumine
248 4708 573 4807 deprehenditur.
623 4704 1006 4789 Gramineo-viridis
1019 4721 1153 4790 tamen
1171 4712 1342 4789 habetur
1364 4716 1405 4787 in
1422 4711 1650 4792 recentibus
1663 4708 1777 4781 semi·

1157 4862 1160 4866 ¹
1658 4832 1777 4906 nibus

125 4976 165 5055 1·)
185 4984 259 5050 illst.
273 4999 335 5048 nat
353 4989 386 5050 L.
399 4989 465 5051 XV.
486 4983 555 5049 seu.
579 5001 623 5061 ις.
637 4985 674 5048 de
694 4990 846 5056 Castanea.

927 5151 928 5154 ,
967 5085 988 5151 t
