4567 5959
506 489 616 561 xlm
1210 513 1517 569 ΕΞ.

507 725 667 800 ritatem
689 717 843 818 semper
861 710 1049 792 aaaron
1072 715 1243 811 quodam
1265 718 1421 814 liquore
1439 716 1627 804 madeat?
1650 661 1731 814 quo
1759 725 1801 796 et
1820 716 1968 813 globuli
1995 714 2081 818 ejus
2098 723 2181 794 irre·

509 851 662 928 tinutur
680 867 725 920 ae
742 842 913 938 stigmati
933 843 1252 938 agglutinentur,
1292 855 1335 920 et
1354 867 1436 939 quo
1456 843 1525 921 vel
1548 848 1724 920 maxime
1746 848 1932 939 genitura
1952 846 2118 923 mascula
2138 869 2183 922 ex

510 975 563 1049 lis
579 970 818 1046 ertnhmur
836 970 876 1046 de
898 971 946 1045 ad
968 973 1158 1046 interiora
1175 973 1266 1067 styli
1285 970 1498 1049 deferatur.
1551 968 1952 1049 Terebinthinaceum
1973 974 2074 1050 dixit
2087 975 2184 1050 mmo
2248 995 2249 1010 ¹

509 1098 708 1194 liquorem
732 1093 1084 1174 Mrnrrun'rus
1106 1097 1200 1195 (r),
1227 1098 1350 1197 ipsum
1376 1094 1466 1193 ejus
1495 1101 1685 1192 ignorans
1706 1095 1911 1183 usurn,'&
1929 1098 2184 1175 Kornrru·

511 1241 689 1302 rurus
715 1221 789 1313 (a)
814 1223 932 1297 etiam
953 1223 1124 1308 dubitat,
1149 1246 1246 1297 num
1260 1228 1444 1317 genitura
1460 1224 1689 1315 muliebris,
1719 1245 1823 1303 anne
1844 1246 1944 1298 vero
1967 1247 2117 1299 merum
2130 1248 2184 1320 ge·

511 1351 661 1426 niturae
679 1347 813 1423 'virilis
834 1347 1083 1433 vehiculum,
1109 1349 1299 1424 dicendus
1322 1345 1395 1423 fici
1421 1347 1627 1434 Posterius
1645 1351 1784 1442 utique
1802 1351 1947 1423 rationi
1966 1354 2091 1444 magis
2108 1373 2185 1425 con

511 1477 761 1557 ientaneumr
796 1476 1014 1568 generatim
1038 1498 1141 1551 vero
1166 1475 1202 1549 id
1221 1474 1496 1551 certiiiimum:
1549 1473 1655 1568 quod
1677 1474 1810 1568 liquor
1836 1474 1905 1550 iste
1928 1477 2070 1551 oleosae
2088 1476 2124 1551 ilc
2145 1480 2182 1550 in

514 1598 833 1677 ilamiuabilis'srt
858 1598 1027 1685 indolis,
1073 1598 1171 1674 licut
1203 1601 1356 1699 sperma
1374 1601 1490 1675 virile
1511 1600 1656 1698 ipsum;
1717 1600 1824 1695 quod
1848 1601 1913 1675 iile
1937 1622 2027 1676 curn
2052 1603 2124 1677 boc
2148 1601 2166 1677 s
2180 1647 2184 1656 ·

512 1728 659 1805 eillime
684 1726 724 1803 lc
748 1726 995 1820 aequabiliter
1013 1728 1245 1811 miscentem
1300 1726 1340 1802 dt
1362 1725 1468 1820 quod
1493 1726 1580 1800 fere
1611 1727 1691 1823 ipso
1715 1727 1782 1800 iilo
1808 1739 2014 1801 momento
2045 1731 2187 1804 excerni

513 1854 681 1939 deiirmt,
704 1853 744 1928 δι
766 1852 905 1945 stigma
927 1862 1162 1944 exarescat,
1180 1851 1219 1926 δι
1240 1852 1409 1927 lamellae
1433 1847 1536 1946 ejus,
1562 1849 1588 1922 fl
1614 1852 1825 1926 irritabiles
1848 1851 2002 1927 fuerint
2016 1854 2077 1944 (a),
2099 1855 2187 1926 omni

515 1989 629 2057 rno'tu
651 1980 883 2077 priventur,
908 2000 989 2072 qno
1015 1978 1256 2052 ioecrandatio
1278 1975 1434 2077 peracta
1457 1977 1523 2051 est.
1574 1975 1616 2049 H
1622 1981 1682 2050 inc
1703 1977 1839 2075 sponte
1859 1978 2062 2072 sequentia
2078 1978 2188 2053 fluunt

423 2180 426 2188 ,
514 2105 771 2184 dunsedtaria:
817 2104 923 2199 quod
950 2105 1080 2197 liquor
1110 2103 1177 2177 ilie
1219 2106 1311 2177 solis
1343 2104 1529 2198 inserviat
1561 2102 1866 2176 foecundationis
1898 2102 2054 2190 urinum
2103 2104 2189 2199 quod

514 2227 702 2307 undtuoi'i
726 2229 793 2304 sui
813 2227 1082 2323 consistentia,
1114 2231 1226 2302 omni
1246 2232 1407 2328 corpori
1430 2228 1572 2311 solido,
1605 2238 1923 2324 quantaecunque
1944 2230 2069 2306 fuerit
2090 2236 2189 2306 minu·

514 2360 603 2450 tici,
631 2357 888 2455 spontaneum
908 2356 948 2427 in
969 2354 1161 2450 stigmatis
1184 2377 1308 2455 poros
1324 2355 1495 2448 deneget
1512 2352 1744 2447 ingressuum
1770 2356 1875 2448 quod
1892 2356 2045 2430 aridum
2063 2355 2189 2452 stigma,

512 2487 561 2561 ad
580 2484 950 2582 impraegnationem
976 2480 1024 2554 fit
1053 2483 1251 2580 ineptum;
1286 2480 1325 2556 δι
1345 2482 1534 2575 denique,
1563 2482 1670 2575 quod
1693 2483 2083 2579 verum‘pubertatis
2098 2487 2188 2584 plan

513 2620 654 2687 turum
673 2619 834 2705 tempus
858 2603 952 2680 illud
975 2606 1040 2691 iit,
1065 2630 1158 2684 cum
1182 2609 1360 2703 stigmata
1383 2608 1557 2704 primum
1580 2630 1675 2682 rore
1699 2607 1770 2683 isto
1791 2608 1960 2687 madent,

611 2820 736 2895 Hisce
762 2819 940 2917 partibus
962 2819 1144 2917 stipatum
1175 2821 1287 2900 Ouum
1307 2819 1547 2916 vegetabile,
1584 2822 1621 2893 in
1642 2822 1780 2895 intimo
1802 2824 1908 2896 uteri
1936 2820 2067 2896 haeret
2086 2820 2189 2896 reces-

514 2948 581 3048 su,
619 2957 738 3041 atque
757 2945 962 3017 masculini
981 2946 1185 3043 spermatis
1204 2945 1389 3046 expediat
1412 2971 1547 3045 opem,
1586 2957 1633 3020 ut
1649 2946 1766 3045 poffit
1795 2970 1939 3023 verum
1971 2944 2091 3037 Sumen
2113 2968 2190 3020 eva·

514 3073 623 3149 dere.
685 3067 819 3145 Ovum
841 3071 963 3164 igitur
987 3073 1093 3145 inter
1114 3094 1254 3149 ornnes
1278 3070 1591 3147 fruetificationis
1620 3084 1774 3169 partes,
1810 3073 1889 3146 sola
1914 3074 1978 3146 illa
2005 3072 2077 3157 est,
2119 3091 2192 3166 quae

515 3199 565 3302 ad
594 3192 878 3298 perfectionem
898 3185 1017 3269 ⁴suam
1048 3198 1273 3272 extrinseco
1307 3198 1479 3306 indigeat
1506 3197 1659 3271 auxilio
1688 3197 1727 3273 δι
1760 3221 1850 3291 quae
1884 3202 2082 3291 geminam
2105 3197 2193 3273 ludat

366 3351 371 3358 ’
515 3315 770 3410 formationis
798 3321 967 3394 scenam:
1015 3317 1181 3396 alteram
1201 3346 1364 3420 nempe,
1406 3346 1496 3397 cum
1520 3345 1543 3394 a
1568 3319 1658 3397 solis
1680 3325 1777 3398 vitae
1804 3326 1958 3398 viribus
1979 3326 2192 3400 excitatum,

547 3455 647 3525 rima
676 3450 825 3523 futurae
848 3445 927 3521 suae
955 3445 1097 3521 formae
1127 3451 1243 3547 ponit
1271 3448 1515 3531 rudimenta,
1556 3447 1719 3522 alteram
1748 3459 1898 3533 autem,
1938 3470 2029 3523 cum
2062 3442 2192 3522 aviriii
2251 3507 2252 3534 ,

515 3476 932 3675 ῑρεηυαϊὲαόῂιέυηῑ,
966 3575 1093 3647 totius
1119 3571 1279 3649 fabricae
1304 3576 1383 3650 suae
1408 3574 1570 3670 plenum
1592 3575 1809 3667 exequitur
1829 3573 1992 3650 schema.
2049 3573 2191 3671 Duplex
2251 3581 2252 3596 ¹

518 3691 648 3796 itaque
669 3701 707 3773 in
724 3722 804 3773 ovo
824 3695 986 3773 stadium
1006 3691 1306 3793 organisationis
1325 3702 1404 3773 erit
1418 3697 1762 3773 considerandum:
1790 3722 1960 3793 qnorum
1978 3703 2093 3799 prius
2107 3718 2192 3771 nunc
2251 3707 2252 3710 ’

517 3817 791 3905 lustrabimusc
830 3822 878 3897 de
909 3821 1035 3932 altero
1064 3821 1198 3902 au'tern
1230 3825 1431 3913 dicemus,
1469 3847 1558 3902 curn
1589 3823 1637 3897 de
1660 3823 1967 3902 foecundationis
2000 3822 2191 3903 affeetu&

384 4017 389 4026 .
519 3951 796 4062 phoenomenis
823 3948 950 4046 sermo
972 3951 1059 4027 erit'.
1097 3949 1101 3956 ’

542 4145 545 4152 ’
643 4159 790 4235 Ortum
812 4160 939 4233 totius
966 4158 1096 4255 pistilli
1117 4163 1243 4256 vulgo
1266 4161 1706 4261 plantarummedullae
1732 4163 1874 4248 tribui,
1919 4164 2038 4264 supra
2059 4164 2191 4242 monui-

518 4305 630 4370 mus,
653 4305 754 4377 ergu
780 4286 855 4356 vix
876 4297 980 4380 opus
998 4283 1055 4358 est
1071 4287 1220 4378 dicere,
1253 4288 1360 4381 quod
1388 4288 1521 4361 eadem
1545 4279 1704 4383 quoque
1728 4292 1866 4382 origo,
1904 4295 2040 4367 ovnlis
2066 4294 2190 4366 tribua·

519 4423 605 4493 tur,
645 4410 814 4503 &quod
835 4410 938 4493 haec,
980 4416 1222 4506 promeris,
1255 4414 1364 4488 istius
1389 4414 1591 4497 medullae,
1634 4417 1811 4509 granulis
1838 4417 2026 4512 separatis
2046 4419 2190 4492 habean-

519 4545 599 4611 tur.
649 4534 708 4608 At
731 4555 832 4610 vero
857 4534 886 4608 fi
911 4538 982 4609 ita:
1007 4553 1081 4608 cur
1100 4536 1165 4608 sua
1188 4539 1324 4635 sponte
1341 4537 1510 4613 ulterius
1531 4561 1713 4615 crescere
1732 4519 1955 4635 nequeunt,
1978 4541 2087 4616 sicuti
2103 4561 2191 4633 geni·

519 4683 619 4743 mae,
644 4683 698 4733 ex
721 4660 858 4734 eadem
882 4663 1053 4736 medulla
1077 4661 1288 4737 oriundae?
1313 4686 1406 4749 cur,
1431 4665 1461 4737 li
1486 4668 1525 4739 in
1549 4665 1720 4740 medulla
1738 4667 1834 4752 sola,
1859 4670 1945 4743 vita
1961 4664 2193 4760 vegetabilis,

2164 4810 2192 4858 u

564 4895 604 4959 ι.)
628 4889 727 4970 Opera
742 4903 825 4946 omn.
845 4904 874 4966 P·
898 4903 938 4945 ὓ·
960 4890 1013 4947 ⁶⁶·
1423 4946 1474 5026 3.)
1496 4945 1703 5012 rorantur.
1725 4948 1823 5010 θείης
1848 4944 1976 5010 fortier.
1998 4967 2029 5030 p.
2053 4965 2108 5020 134
2130 4958 2175 5014 135·

562 5030 613 5107 a.)
635 5029 746 5089 Zneite
770 5024 961 5104 Fortscrung.
983 5045 1013 5109 p.
1037 5029 1085 5089 66.
