4567 5959
771 527 1079 558 ““““““-”““
1701 523 1779 579 ext

82 740 417 837 iiminiproxima,
445 735 484 809 in
500 734 705 828 geminos,
731 735 807 810 vix
823 756 999 829 unquam
1020 736 1060 808 in
1076 731 1239 833 piures,
1266 735 1337 811 nisi
1354 739 1394 811 in
1406 735 1610 823 Fraxino,
1640 762 1778 816 ramos

82 869 249 948 finditur,
275 885 449 959 quorum
472 883 580 935 nunc
597 861 699 935 alter
721 861 828 936 solus
857 861 989 936 semen
1010 859 1114 955 sert,
1138 861 1241 937 alter
1260 874 1395 938 autem
1419 868 1456 940 ei
1475 890 1551 965 pro
1570 864 1702 940 fulcro
1720 869 1779 940 in-

82 997 210 1070 servit:
237 993 275 1064 in
292 989 489 1085 Lathyris
506 987 546 1062 &
559 986 685 1065 Viciis
706 989 932 1073 nonnuliis;
952 1009 1062 1064 nunc
1081 1014 1182 1066 vero
1204 1001 1375 1085 uterque
1393 994 1602 1091 proprium
1620 991 1687 1069 sibi
1700 995 1781 1070 affl·

83 1143 169 1195 xum
190 1117 310 1191 habet
322 1115 479 1188 semen:
509 1115 616 1188 utin
633 1111 924 1200 Liriodendro;
949 1115 1143 1193 rarissime
1156 1124 1291 1191 autem
1314 1141 1369 1191 ex
1384 1140 1466 1191 uno
1490 1119 1693 1196 individuo
1716 1121 1780 1196 su·

81 1246 219 1328 uiculo,
244 1242 326 1317 duo
343 1240 520 1339 pendent
541 1239 703 1324 semina,
728 1249 776 1314 ut
800 1245 842 1316 in
859 1240 1085 1339 Magnolia,
1111 1240 1288 1343 Spondia
1301 1243 1342 1318 dr
1359 1243 1518 1344 Epacri.

167 1453 370 1532 Decursus
392 1449 575 1543 funiculi,
600 1437 823 1549 praesertim
850 1456 891 1527 in
918 1454 1127 1553 drupaceis
1155 1453 1195 1530 &
1220 1458 1541 1532 nucamentaceis
1567 1452 1786 1544 frustibuS,

81 1604 235 1658 necnon
256 1585 295 1656 in
314 1577 527 1652 seminibus
542 1579 775 1672 quibusdam
793 1578 926 1666 oiseis,
954 1581 1224 1656 memorabilis
1238 1580 1315 1664 est,
1341 1605 1430 1656 cum
1451 1583 1528 1657 scil.
1542 1585 1582 1656 in
1599 1584 1685 1668 his,
1710 1585 1782 1658 sae·

81 1712 176 1808 pius,
201 1731 284 1781 non
309 1707 497 1805 proxima
519 1709 585 1781 via
607 1706 654 1781 ad
674 1707 807 1781 semen
831 1707 942 1781 suum
973 1710 1141 1803 migrat,
1166 1707 1295 1815 sedin
1318 1706 1441 1783 canali
1465 1712 1654 1807 proprio,
1681 1713 1782 1785 inte·

81 1836 268 1929 gumentis
286 1829 370 1906 istis
389 1829 503 1905 oiseis
519 1831 706 1928 inscripto
722 1831 962 1917 decurrens,
988 1838 1028 1908 in
1052 1832 1369 1917 remotiffimam,
1393 1836 1461 1911 vel
1485 1836 1622 1911 saltem
1644 1838 1683 1909 in
1697 1860 1782 1911 me-

81 1963 168 2035 diam
186 1961 351 2035 seminis
363 1960 572 2056 regionem
588 1958 803 2034 devehitur
817 1958 856 2033 ἃ
872 1960 922 2034 ibi
940 1960 1100 2035 demum
1115 1984 1205 2036 cum
1226 1985 1276 2036 eo
1297 1957 1489 2035 nestitur:
1515 1970 1561 2035 ut
1576 1965 1615 2036 in
1638 1962 1785 2039 Cerin-

81 2088 158 2170 the,
179 2082 428 2184 Staphyiea,
453 2082 737 2180 Zanthoxylo,
771 2083 930 2171 Pruno,
961 2085 1195 2184 Amygdalo
1223 2088 1262 2163 ἃ
1292 2087 1389 2162 aliis
1438 2085 1573 2161 Etiam
1598 2087 1638 2161 sn
1658 2092 1784 2164 variis

82 2214 275 2288 seminibus
304 2212 513 2295 mollibus,
539 2212 588 2285 ab
613 2213 692 2311 ipsa
710 2233 853 2285 eorum
880 2215 1013 2286 tunica
1038 2213 1259 2289 occultatur
1290 2215 1331 2288 dt
1357 2214 1479 2306 longo
1508 2216 1789 2289 itinere'intra

83 2365 207 2416 eornm
221 2339 477 2414 membranas
496 2337 673 2414 decurrit
693 2337 734 2413 dt
756 2359 831 2434 per
858 2339 1045 2433 ambages
1064 2340 1112 2415 ad
1132 2336 1323 2438 punttum
1346 2340 1571 2445 insertionis
1599 2341 1789 2415 devenit:
1889 2321 1892 2326 ’

83 2465 412 2548 inLiriodendro,
438 2458 675 2548 Swietenia,
700 2461 874 2538 Erithali
894 2463 965 2538 &o
987 2475 1035 2539 ut
1056 2464 1619 2541 Umbelliserarumsetaceum
1642 2488 1782 2562 recep-

83 2594 236 2669 taculum
247 2605 422 2674 taceam,
447 2579 552 2684 q'uod
562 2588 981 2664 occultatumabasrad
995 2593 1147 2690 apicem
1158 2592 1609 2690 seminumporrigitur,
1632 2590 1669 2667 di
1684 2591 1784 2663 nihil

85 2717 188 2806 aliud,
214 2744 339 2815 quam
368 2718 550 2810 geminus
568 2715 773 2791 funiculus
796 2716 1030 2790 umbilicalis
1048 2714 1125 2793 esse
1148 2718 1322 2808 videtur.

166 2934 354 3017 insertio,
380 2931 430 3005 ob
456 2931 656 3028 duplicem
680 2929 848 3003 funiculi
873 2935 1193 3014 extremitatem,
1218 2932 1429 3026 sequentes
1453 2930 1624 3005 admittit
1652 2932 1789 3009 varia,

85 3059 222 3146 tiones,
249 3061 350 3133 dum
371 3058 448 3131 scil.
462 3057 683 3142 funiculus,
709 3059 838 3131 altero
859 3057 928 3130 suo
949 3057 1030 3133 fine
1046 3057 1223 3152 affigitur
1238 3054 1397 3132 frustus-

86 3230 128 3297 ιθ.
146 3226 218 3302 basi
238 3227 280 3302 dt
302 3226 435 3302 altero
450 3226 610 3302 seminis
633 3231 689 3320 a)
703 3223 805 3307 basi,
832 3224 857 3300 s.
878 3228 1125 3299 extremitati
1142 3224 1344 3299 inferiori:
1370 3223 1679 3338 inuE'riophorm
1705 3222 1784 3297 Ca-

737 3353 839 3436 rice,
858 3349 1022 3445 Tagete,
1044 3348 1255 3442 Buffonia,
1271 3348 1503 3445 Ciaytonia,
1521 3348 1699 3442 Montia,
1714 3350 1787 3424 &c

632 3476 701 3577 β»)
729 3479 897 3561 vertici,
936 3478 960 3552 s.
994 3478 1244 3551 extremitati
1274 3476 1495 3574 superiori:
1546 3479 1585 3549 in
1621 3475 1793 3562 Pruno,

738 3602 879 3688 Rhoe,
904 3600 1103 3689 crambe,
1129 3601 1410 3696 Plumbagine‚
1436 3600 1675 3696 Corrigiola.
1773 3651 1776 3658 ·

565 3727 573 3740 ’
632 3731 693 3822 a.)
708 3732 812 3828 parti
829 3733 933 3804 inter
949 3731 1232 3804 extremitates
1242 3728 1401 3812 mediae,
1431 3728 1630 3804 ventrali:
1656 3730 1697 3801 in
1709 3726 1790 3803 Po»

745 3856 956 3951 lycnemo,
983 3854 1198 3941 Cerinthe,
1225 3851 1471 3952 Symphyto.

628 3975 689 4085 d.)
704 3983 820 4058 dorso
840 3983 990 4065 medio,
1018 3985 1070 4055 ita
1090 3991 1138 4056 ut
1162 3980 1367 4057 funiculus·
1377 3981 1496 4078 supra
1512 3979 1671 4056 seminis
1690 4003 1790 4056 ver-

733 4112 854 4183 ticem
882 4107 1086 4182 adscendet
1106 4108 1146 4184 dr
1174 4109 1365 4205 deinceps
1394 4105 1579 4206 reflexus
1604 4105 1787 4182 foramen

739 4234 845 4310 dorsi
860 4239 985 4308 intret
1002 4257 1018 4307 :1
1038 4236 1078 4307 in
1095 4233 1210 4312 Vite!

84 4410 131 4482 2⁸.
155 4406 335 4486 vertici·
351 4409 393 4480 et
413 4401 571 4478 seminis
633 4402 1244 4503 a.)extremitatisuperiori:in
1262 4395 1403 4495 Sicyo,
1417 4399 1570 4483 Isatidc,
1591 4399 1787 4476 Adonid'ez

633 4528 700 4629 β.)
722 4532 969 4606 extremitati
990 4530 1196 4616 inferiori,
1232 4525 1378 4604 intatto
1402 4529 1561 4604 seminis
1585 4532 1721 4629 apicet·
1748 4533 1792 4603 in·
1891 4527 1894 4531 ’

741 4655 943 4753 Nirrarra,
969 4652 1129 4734 statice

85 4778 131 4862 3⁶·
154 4778 483 4858 axi-etseminis
555 4845 560 4850 .
630 4780 697 4881 a.)
718 4784 887 4859 verticir
912 4783 953 4855 in
976 4784 1168 4877 Erithali,
1194 4778 1389 4878 Guajaco,
1416 4780 1636 4864 Tricomia,
1663 4781 1733 4855 &c

632 4911 698 5002 ia)
719 4907 821 4986 basi:¹
843 4911 884 4984 in
901 4906 1038 5007 Pyro,
1063 4907 1257 5010 Mespilo,
1275 4908 1461 5009 Cuphea,
1477 4907 1676 5003 Fagonia,
1691 4907 1762 4981 &o

1554 5089 1623 5190 ν.)
1649 5100 1787 5166 extre·
