4567 5959
821 582 1128 671 m
1667 575 1826 637 cxxvii

256 774 458 879 plumoso,
484 777 645 853 fabricae
663 781 742 858 suae
763 783 959 878 elegantia
991 801 1133 858 omnes
1153 780 1335 876 reliquos
1358 782 1584 861 antecellit:
1609 785 1707 861 radii
1734 782 1824 885 ejus

316 907 407 981 sunt
427 907 494 983 vel
513 906 670 992 setacel,
693 911 765 987 ‘vel
790 909 983 1009 paleaoei,
1011 908 1197 985 laterales
1220 920 1355 984 autem
1374 912 1525 1011 crines,
1549 911 1705 1010 semper
1730 915 1823 991 sunt

317 1034 524 1131 capillarcs
538 1044 581 1111 et
601 1036 805 1111 radiorum
832 1037 992 1113 suorum
1012 1034 1179 1115 crassitie
1198 1036 1426 1131 longiores,
1451 1036 1519 1111 vel
1536 1036 1672 1111 saltem
1695 1041 1824 1117 eidem

316 1161 502 1255 aequales.
552 1160 723 1260 Dispesci
738 1162 922 1262 potestin
937 1162 1159 1261 plumosum
1177 1160 1309 1238 striste
1328 1161 1381 1238 lic
1404 1158 1566 1246 dictum,
1592 1159 1707 1259 cujus
1725 1167 1825 1242 radii

324 1313 348 1363 a
377 1286 453 1360 bafi
475 1285 525 1397 ad
547 1291 698 1386 apicem
718 1311 847 1385 usque
866 1288 1042 1363 crinibus
1066 1285 1243 1365 instrusii
1259 1290 1367 1363 sunt:
1394 1291 1435 1363 in
1461 1286 1607 1373 Cirlio,
1643 1288 1826 1378 Carlina,

317 1410 570 1490 Scorzonera
595 1423 669 1488 etc.
695 1425 738 1489 et
765 1418 805 1489 in
831 1413 1089 1514 particularem,
1125 1409 1240 1509 cujus
1261 1416 1361 1490 radii
1393 1415 1548 1491 inferne
1580 1415 1827 1496 nudiusculi.

316 1541 460 1617 versus
480 1542 629 1637 apicem
647 1544 824 1628 crinibus
850 1541 988 1617 sensim
1008 1540 1260 1636 longioribus
1279 1552 1497 1618 ornantur:
1523 1544 1565 1615 in
1583 1526 1824 1640 Argyroco-

316 1691 400 1751 me,
424 1663 693 1763 Antennaria,
721 1666 871 1748 Stoebe.

264 1816 419 1901 lanatus,
445 1821 618 1894 omnium
639 1821 1017 1921 infrequentiilimus
1033 1821 1113 1915 est,
1139 1830 1181 1898 et
1206 1824 1245 1896 in
1262 1823 1357 1905 sola,
1393 1821 1501 1915 quod
1530 1823 1668 1915 sciam,
1709 1821 1826 1898 Cine-

317 1948 421 2018 raria
445 1943 571 2041 glauca
595 1953 790 2032 occurrit,
821 1952 860 2025 in
889 1969 969 2041 qua
992 1949 1066 2022 scil.
1091 1949 1248 2023 seminis
1273 1954 1448 2033 vertex,
1481 1947 1631 2025 annulo
1653 1949 1742 2022 albo
1771 1972 1826 2023 ex

319 2071 541 2148 brevillima
560 2084 602 2150 et
628 2073 856 2151 dcnssllima'
870 2074 961 2147 lana
987 2073 1184 2159 formato,
1215 2084 1430 2149 coronatus
1458 2075 1525 2151 est.
1573 2074 1666 2150 Non
1689 2084 1827 2149 autem

319 2197 396 2272 huc
418 2202 522 2274 trahi
546 2203 662 2279 debet
687 2201 879 2275 seminum
909 2199 1113 2276 Gorteriae
1136 2201 1177 2275 δι
1204 2199 1502 2293 Tarchonanthi
1529 2201 1636 2284 lana,
1677 2204 1827 2298 quippe

321 2346 412 2419 quae
433 2348 515 2401 non
538 2347 718 2425 pappus,
741 2326 807 2401 sed
826 2326 938 2403 testae
957 2327 1077 2426 ipsius
1092 2336 1319 2400 tomentum
1333 2326 1401 2400 eu

213 2532 473 2632 Composrtus
487 2537 657 2635 denique
671 2560 847 2641 pappus
873 2549 920 2614 ut
943 2542 1059 2638 supra
1080 2536 1248 2624 ditium,
1273 2536 1425 2637 duplex
1451 2534 1532 2621 est,
1557 2535 1597 2613 sc
1619 2534 1825 2610 commode

90 2669 138 2740 in
159 2660 395 2739 dissimilem
407 2675 526 2761 atque
543 2669 786 2758 geminatum
803 2666 1050 2765 dispescitur:

267 2844 447 2951 diffimilis,
474 2848 514 2921 in
531 2869 614 2921 uno
630 2849 850 2943 eodemque
873 2848 1171 2925 semineradios
1201 2848 1321 2923 habet
1337 2844 1467 2922 forms
1488 2852 1557 2919 aut
1574 2840 1827 2937 longitudine

322 2974 455 3051 saltem
477 2977 582 3051 inter
596 2974 635 3053 se
649 2974 927 3074 discrepantes.
976 2977 1035 3051 lta
1050 2975 1216 3074 Tolpis‚
1245 2977 1285 3049 in
1307 2974 1520 3049 seminibus
1536 2968 1828 3052 exterioribus,

324 3102 457 3178 radios
473 3103 574 3179 duos
590 3104 798 3202 capillares
817 3103 1069 3202 praelongos,
1095 3103 1275 3197 reliquos
1302 3106 1438 3174 autem
1456 3095 1706 3173 brevissimos
1726 3095 1766 3170 bt
1786 3098 1827 3168 in

326 3230 545 3321 marginem
560 3228 807 3305 crenulatum
828 3229 1068 3305 coadunatos
1090 3232 1207 3323 gerit.
1258 3223 1498 3321 Hyoseridis
1519 3232 1651 3318 autem
1681 3223 1827 3296 semina

325 3353 432 3436 disci,
456 3355 632 3447 quinque
655 3355 775 3428 radiis
804 3355 1077 3448 longioribus,
1121 3364 1271 3453 praeter
1298 3352 1496 3451 plurimos
1529 3349 1743 3426 breviores
1767 3351 1828 3422 in·

325 3477 585 3555 strustasunt.
634 3479 692 3554 Et
710 3484 761 3557 ita
784 3503 944 3577 quoque
967 3483 1007 3553 in
1031 3477 1225 3557 Zazintha
1246 3479 1286 3554 δι
1309 3478 1434 3554 variis
1452 3473 1583 3569 Cyani
1606 3473 1831 3570 speciebuS,
1893 3484 1897 3489 ’

327 3605 390 3679 alii
404 3606 499 3678 radii
523 3604 749 3704 simpliciter
769 3609 924 3690 setacei‚
949 3607 1013 3679 alii
1033 3618 1165 3683 autem
1191 3613 1334 3703 argute
1362 3601 1589 3679 denticulati
1613 3599 1682 3673 vel
1702 3596 1742 3671 δι
1760 3621 1826 3696 pe·

323 3733 484 3805 niciliati
502 3736 773 3831 reperiuntur.
826 3734 1031 3808 Interdum
1053 3732 1244 3809 diiiimilis
1264 3742 1384 3827 atque
1401 3723 1598 3804 difformis
1616 3743 1770 3821 pappus
1786 3723 1826 3793 in

326 3880 407 3930 uno
423 3858 641 3953 eodemque
655 3857 780 3943 llere,
804 3872 844 3933 at
866 3863 903 3933 in
925 3860 1136 3935 seminibus
1156 3855 1338 3943 diversis,
1363 3856 1500 3935 locum
1520 3851 1692 3929 habente
1719 3847 1826 3920 utin

319 3984 439 4061 modo
468 3981 566 4059 dicta
590 3984 758 4084 Tblpide
779 3994 898 4079 atque
913 3987 1160 4082 Hyoseride3

269 4167 488 4264 geminatus,
511 4193 569 4243 ex
590 4167 744 4245 duobus
766 4168 908 4265 pappis
937 4164 1199 4265 simplicibus,
1224 4163 1353 4261 specie·
1375 4160 1558 4253 diversis,
1584 4155 1826 4257 compositus

329 4295 399 4377 est,
428 4295 466 4369 &
486 4295 664 4389 quidem:
691 4301 741 4373 1⁰.
762 4319 815 4368 ex
836 4293 1058 4390 calyculato
1073 4290 1360 4393 monophyilo,
1386 4292 1613 4369 exteriore,
1640 4296 1758 4378 atque
1772 4304 1826 4358 ex

327 4423 518 4521 capillari,
551 4426 760 4500 interiore:
787 4424 825 4493 in
851 4419 1057 4495 Pulicaria.
1097 4423 1156 4488 20.
1183 4442 1237 4493 ex
1263 4416 1485 4512 calyculato
1510 4424 1628 4508 atque
1652 4409 1825 4509 spinoso:

331 4551 370 4621 in
389 4547 722 4630 cumbadum
747 4549 855 4640 δυο.
877 4571 931 4622 ex
954 4547 1175 4640 marginato
1191 4554 1309 4639 atque
1329 4540 1533 4640 plumoso:
1558 4544 1596 4613 in
1607 4537 1777 4615 Carlina.
1891 4595 1895 4601 .
1995 4570 1999 4577 ·

213 4759 372 4836 Coma
401 4763 627 4858 proximam
650 4759 769 4833 habet
790 4759 1019 4833 affinitatem
1042 4780 1129 4831 cum
1151 4778 1305 4854 pappo,
1330 4777 1421 4831 nam
1441 4751 1609 4850 perinde
1625 4758 1670 4823 ut
1688 4746 1751 4819 ille
1768 4766 1824 4818 ex

94 4890 230 4990 pilis,
273 4886 342 4959 soli
365 4887 552 4961 seminum
581 4888 724 4965 vertici
750 4883 939 4979 impositis
963 4886 1000 4958 ὅ(
1026 4887 1063 4957 in
1092 4884 1313 4956 fasciculum
1336 4878 1534 4962 collectis,
1567 4870 1824 4949 sonnonem

95 5017 191 5093 Sed
224 5036 349 5087 coma
371 5013 450 5088 ida
473 5039 604 5113 pappo
625 5036 725 5090 vero
752 5012 881 5094 distat,
908 5012 1014 5105 quod
1034 5011 1101 5109 pili
1123 5010 1317 5102 originem
1339 5007 1445 5081 stiam
1465 5026 1549 5078 non
1566 5027 1587 5078 e
1602 5001 1736 5095 calyce
1750 4996 1824 5138 ilp-

1008 5166 1010 5169 ·
1766 5141 1824 5195 ris
