4567 5959
486 563 615 618 Um!

482 771 675 856 sarteas,
706 766 954 868 (aphrodisi
982 775 1044 868 (ι)
1068 774 1273 849 dixerant
1322 770 1488 867 ffirguLa
1513 771 1937 870 hammopinionum,
1977 769 2064 842 suas
2086 771 2174 862 qui·
2280 829 2281 844 ,

483 899 575 974 scm
597 897 1069 990 inaequalitatum,
1102 923 1178 976 nec
1192 905 1348 1000 plenam
1371 904 1453 975 ulta
1473 903 1592 975 habet
1614 900 1913 980 certitudinem,
1935 898 2029 989 quia
2050 897 2175 993 parti-

484 1043 554 1098 um
579 1027 671 1098 ulia
694 1023 854 1117 liquidis
879 1030 1170 1124 experimentis
1190 1029 1323 1102 dotem
1344 1031 1506 1120 requio
1538 1051 1629 1099 eum
1653 1041 1786 1098 tamen
1808 1029 1848 1097 in
1872 1025 2078 1121 plerisque
2098 1022 2179 1098 istis

485 1151 673 1248 si'rp'bas
698 1149 802 1223 haud
822 1151 1034 1226 dlliiou'uer
1054 1155 1335 1246 cogrrol'mtur,
1358 1156 1451 1249 quid
1474 1177 1611 1227 earum
1634 1153 1788 1225 indoles
1807 1163 1927 1243 atque
1945 1152 2041 1221 vitae
2055 1152 2178 1232 ntio,

485 1277 579 1372 quid
595 1277 756 1373 propria
774 1281 948 1374 partiam
973 1277 1135 1358 fabrita
1160 1283 1310 1375 etqeid
1329 1281 1443 1360 situs,
1469 1281 1596 1362 locus,
1622 1297 1783 1375 tenpus
1799 1291 1873 1350 etc.
1894 1275 2045 1354 serant,
2069 1275 2179 1367 quid·

488 1423 541 1478 ve
561 1401 670 1474 serre
692 1397 903 1476 reuisenti
926 1406 1112 1477 omnibus
1127 1406 1191 1480 bis
1214 1407 1514 1481 circumstantiis
1527 1412 1605 1479 rite
1624 1405 1876 1503 ponderatis,
1902 1400 2076 1473 facilead
2100 1423 2182 1472 cre

488 1527 660 1602 sendum
687 1527 932 1610 inducimur,
955 1527 1086 1622 quod,
1110 1528 1139 1600 li
1157 1550 1237 1599 non
1254 1551 1406 1614 omnes,
1431 1535 1566 1630 potior
1577 1547 1689 1604 oerte
1704 1543 2058 1626 cryptogamamm
2074 1524 2182 1623 plan·

488 1665 621 1730 tanim
647 1673 770 1752 pars,
793 1652 1002 1750 aphrodita
1020 1655 1189 1746 gaudeat
1208 1657 1438 1747 genitalium
1457 1657 1619 1748 fabrica,
1646 1671 1689 1730 et
1705 1657 1812 1750 quod
1829 1659 1868 1727 in
1885 1657 2008 1730 variis
2023 1673 2181 1735 eamm,

489 1780 664 1854 absolute
679 1799 762 1852 non
785 1779 881 1880 ψ,
905 1801 1025 1872 quam
1043 1782 1107 1852 illa
1126 1781 1205 1879 ipsa
1225 1783 1355 1856 lotum
1374 1784 1519 1856 lubere
1540 1781 1667 1881 pollii.

588 1987 665 2076 lta,
691 1989 731 2060 in
749 1891 935 2062 omnibu's
952 1993 1041 2066 veri
1058 1993 1232 2066 nominis
1248 1993 1368 2083 Facis,
1406 1993 1485 2066 sola
1507 1994 1705 2066 habentur
1719 2005 1878 2084 organa
1899 1989 2087 2072 feminea,
2122 1991 2183 2061 in·

489 2123 554 2190 tra
574 2112 776 2188 frondium
791 2117 980 2188 cortioem
999 2116 1242 2200 absconditam
1267 2118 1529 2192 masculorum
1545 2133 1678 2193 autem
1694 2119 1791 2191 adeo
1814 2118 1966 2189 nullum
1988 2113 2096 2190 adest
2111 2138 2184 2188 ve·

490 2241 667 2336 stipium,
691 2251 739 2314 ut
757 2263 809 2316 nc
825 2241 1050 2336 glandulam
1072 2243 1248 2336 quidem,
1269 2246 1509 2343 calyptram‚
1534 2246 1787 2342 operculum.
1817 2245 1987 2316 aliamve
2006 2246 2180 2341 particu-

489 2367 568 2442 lam
590 2368 835 2462 organicam,
859 2379 978 2443 extra
991 2372 1175 2442 ovarium
1194 2370 1357 2468 politam
1374 2374 1569 2468 reperias,
1602 2375 1666 2445 cui
1684 2372 1850 2444 mascula
1863 2373 2040 2443 tribuere
2059 2366 2184 2466 possis

488 2495 628 2568 ollicia
678 2490 835 2568 Adsunt
860 2495 1018 2589 quidem
1040 2498 1079 2568 in
1100 2496 1306 2586 nonnullis
1331 2494 1368 2568 F
1371 2500 1454 2569 ucis
1473 2499 1626 2580 crines,
1649 2496 1846 2593 simplices
1865 2507 1935 2570 aut
1958 2494 2187 2574 fasciculas,

488 2631 531 2696 et
553 2621 616 2696 vel
638 2621 849 2718 proxime,
882 2619 947 2696 vel
966 2619 1259 2694 remotissimea
1283 2620 1653 2696 fructificationibus
1676 2621 1811 2719 politi3
1846 2635 1887 2696 et
1913 2631 2055 2694 notum
2082 2643 2185 2714 quo·

489 2769 587 2842 que,
615 2745 691 2818 hos
710 2743 813 2842 ipsas
829 2745 975 2831 crines,
999 2770 1023 2822 a
1043 2748 1168 2820 variis
1193 2744 1284 2843 (2)
1310 2751 1415 2823 inter
1440 2750 1600 2824 ltaniina
1620 2747 1731 2822 fuisse
1748 2750 1908 2823 relatos.
1959 2741 2038 2819 Sed
2059 2741 2187 2817 retiis·

489 2873 584 2946 sime
611 2869 892 2944 Guarinus
917 2875 985 2966 (3)
1018 2872 1172 2946 docuit:
1210 2876 1342 2950 crines
1372 2874 1461 2949 illos
1484 2879 1558 2948 vix
1582 2874 1654 2949 sex
1686 2876 1756 2948 vel
1787 2875 1932 2971 septem
1961 2872 2188 2945 numerosae

490 2997 695 3074 Furorum
716 2998 849 3090 gentis
873 3009 1104 3097 competere
1120 2999 1340 3098 speciebus;
1367 3002 1531 3076 eosdem
1553 3004 1591 3073 in
1614 3002 1773 3075 tenellis
1793 3022 1910 3093 aeque
1925 3022 1971 3071 ac
1991 3000 2032 3069 in
2047 2995 2187 3071 decre·

488 3127 585 3227 pitia
610 3125 778 3224 plantis,
804 3123 970 3223 perinde
992 3127 1214 3225 completos
1229 3149 1275 3199 ac
1295 3124 1497 3226 persestos
1518 3130 1712 3222 reperiri,
1737 3127 1833 3198 ficut
1849 3128 1886 3198 in
1907 3125 2187 3217 vegetioribus

406 3251 411 3260 '
490 3261 609 3346 atque
629 3251 847 3349 puberibus
868 3250 980 3348 ipsis;
1003 3263 1069 3337 et,
1094 3274 1168 3327 nec
1188 3253 1319 3351 pollen
1346 3256 1453 3329 iniis
1480 3253 1606 3326 visum
1628 3250 1704 3325 effe
1732 3274 1927 3346 unquam,
1959 3273 2033 3323 nec
2056 3249 2187 3322 ullum

491 3373 599 3474 ejus,
628 3389 697 3452 aut
716 3378 930 3454 extrinseci
949 3377 1174 3475 spermatis,
1205 3379 1291 3459 lell‘e
1316 3380 1424 3479 posse
1444 3379 1574 3460 nsum,
1607 3376 1794 3471 liquidem
1810 3381 1965 3460 oraria,
2002 3376 2106 3471 stylo
2124 3386 2189 3448 at-

491 3529 570 3602 que
586 3507 764 3600 stigmate
779 3505 975 3589 destituta,
1004 3507 1106 3579 intra
1122 3507 1324 3580 frondium
1353 3509 1541 3581 corticem
1565 3505 1714 3577 lateant
1738 3517 1780 3576 et
1801 3528 1824 3575 a
1844 3501 2026 3577 contactu
2051 3496 2189 3595 cujus·

490 3647 647 3727 tuoque
664 3634 846 3729 corporis
866 3635 1050 3707 extranei
1074 3637 1238 3732 penitus
1256 3633 1333 3706 smt
1351 3630 1519 3706 exclusa.
1546 3627 1814 3703 Certillimnm
1834 3628 2043 3722 igiturest,
2079 3628 2189 3734 quod

491 3759 624 3830 crines
655 3757 708 3831 illi
739 3756 905 3829 mascula
931 3779 1081 3850 organa
1109 3757 1185 3834 else
1219 3769 1438 3853 nequeant3
1479 3772 1522 3830 et
1548 3755 1836 3847 consequenter
1869 3758 1987 3826 etiam
2014 3766 2190 3845 certum,

491 3883 594 3974 quod
617 3881 681 3956 sibi
706 3883 773 3956 soli
795 3879 959 3954 relictus
976 3895 1136 3965 uterus,
1170 3883 1508 3957 soeeundationem
1531 3903 1690 3974 quoque
1709 3881 1898 3952 seminum
1918 3893 2111 3977 operetur
2127 3880 2189 3952 so-

494 4011 578 4088 lust
611 4009 703 4082 dum
731 4007 806 4082 scii.
830 4010 1005 4106 propriae
1026 4009 1104 4082 suae
1123 4012 1426 4103 organisationis
1451 4013 1628 4088 uirtute,
1667 4007 1862 4099 liquorem
1887 4007 2070 4103 spermati
2094 4007 2190 4079 mas·

492 4136 624 4208 culino
646 4133 857 4224 airalogum
879 4157 903 4207 e
922 4138 1122 4208 comnnmi
1146 4135 1360 4208 humorum
1379 4154 1485 4229 penu
1515 4133 1711 4224 secernat,
1752 4155 1922 4226 eumque
1950 4132 2085 4206 ovulis
2106 4143 2189 4204 tra·

493 4261 575 4334 dat:
601 4259 930 4354 quemadmodum
949 4260 984 4333 id
1001 4259 1306 4333 luculentissimo
1326 4258 1423 4331 Fuci
1439 4255 1669 4355 selaginoidis
1686 4256 1753 4353 (4)
1779 4259 1969 4332 docemur
1984 4260 2189 4357 exemplo.

492 4385 649 4460 I’romit
679 4407 822 4484 nempe
855 4383 992 4460 Fucus
1013 4385 1081 4460 iste
1113 4390 1214 4457 circa
1235 4385 1380 4459 aestatis
1407 4384 1532 4462 initia,
1578 4407 1601 4455 e
1629 4384 1859 4456 soliolorum
1885 4385 2045 4457 suorum
2070 4383 2190 4457 dorso

494 4535 665 4610 parvum
690 4511 883 4606 quoddam
905 4510 1155 4584 tuberculum
1172 4508 1456 4583 subrotundum
1468 4567 1478 4603 ,
1511 4510 1617 4603 quod
1631 4511 1763 4606 primo
1778 4512 1941 4607 penitus
1959 4511 2122 4586 solidum
2147 4522 2193 4584 et

2011 4632 2193 4732 ejusdem

538 4793 580 4870 ι.)
605 4795 739 4854 Annua,
764 4787 836 4851 sam.
852 4809 872 4851 ι.
899 4809 928 4872 p.
951 4793 1018 4865 264.
1040 4791 1152 4852 unct.
1179 4788 1245 4851 hill.
1270 4787 1329 4851 fut.
1466 4745 1779 4869 actrnfulgemein.
1794 4793 1908 4868 Magoa.
1929 4786 1998 4853 Vol
2024 4809 2049 4865 5.
2070 4811 2099 4875 p.
2123 4809 2189 4864 320.

609 4929 637 4990 p.
659 4925 705 4982 24.
1471 4919 1492 4966 t.
1513 4925 1539 4966 2.

537 5055 584 5130 2,)
609 5053 750 5111 trouu.
772 5043 835 5106 aa.
849 5039 918 5122 gall.
934 5059 1004 5122 1711.
1023 5059 1045 5107 t.
1068 5067 1098 5120 9·
1119 5063 1160 5105 ro.
1181 5047 1329 5109 Donat.
1398 5020 1446 5096 3·)
1469 5021 1544 5081 ¹⁴¹st-
1558 5017 1654 5082 ἥκω·
1671 5040 1699 5102 Ρ·
1719 5039 1747 5094 9·
1765 5018 1848 5103 seqq·

606 5161 711 5222 alriat.
732 5173 752 5220 t.
773 5175 795 5226 3.
819 5161 973 5220 Abour.
995 5157 1067 5222 sam.
1086 5180 1112 5221 2.
1134 5180 1163 5242 p.
1187 5178 1224 5232 13.
1248 5164 1327 5223 Get·
1393 5162 1449 5243 4.)
1471 5163 1600 5224 Gurt.
1621 5159 1679 5225 ir.
1694 5176 1716 5222 t.
1730 5165 1767 5224 11.
1780 5165 1814 5223 A.
1829 5159 1849 5221 f.
1865 5182 1887 5222 1.
1901 5179 1963 5221 nou
1978 5157 2148 5270 descriptio„
