4567 5959
801 509 1115 544 ..ιιι-
1189 581 1194 588 .
1353 561 1362 566 -
1654 494 1805 551 Lxxlu

194 711 451 790 Combinatio
467 710 654 811 supponit
672 717 808 809 partes
824 710 1044 795 distinctas,
1071 713 1111 783 in
1129 729 1252 783 unum
1263 702 1442 804 junctam
1468 706 1508 781 br
1530 706 1622 781 talis
1641 709 1801 807 copula,

98 837 244 939 duplici
267 838 509 938 potiffimurn
539 838 679 921 modo,
713 841 753 910 in
775 838 970 913 fructibus
994 838 1084 912 fieri
1114 838 1223 912 solet.
1273 834 1362 911 Aut
1388 837 1493 909 enirn
1519 831 1799 934 conceptacula

97 968 294 1042 seminum
321 969 484 1065 propria
502 964 618 1041 floris
638 965 799 1059 singuli,
826 967 866 1038 in
894 987 1020 1040 unum
1053 975 1294 1063 apparenter
1319 961 1548 1045 indivisum,
1577 960 1644 1036 vel
1664 961 1802 1036 saltem
1880 1007 1884 1012 -

55 1107 58 1116 '
98 1103 208 1168 arcto
236 1115 353 1167 nexu
377 1094 586 1169 cohaerens
616 1111 765 1191 corpus
788 1093 1006 1166 uniuntur:
1035 1092 1124 1167 Aut
1151 1079 1400 1167 diversorum
1424 1090 1574 1164 florum
1602 1090 1739 1164 ovaria
1761 1090 1803 1163 in

98 1222 259 1294 unicum
278 1218 455 1294 fructum
471 1221 797 1318 compinguntur.
846 1218 919 1294 Ex
937 1213 1065 1318 priori
1087 1201 1378 1304 combinatione
1398 1226 1612 1312 emergunt
1640 1215 1799 1290 fructus
1892 1205 1899 1222 '
1925 1231 1930 1240 ·

97 1346 304 1446 partibiles
320 1357 439 1440 atque
455 1348 594 1435 lobatir
618 1371 674 1423 ex
691 1345 904 1445 posteriori
927 1355 1062 1422 autem
1079 1344 1214 1423 stricte
1236 1343 1287 1418 src
1301 1344 1393 1420 dicti
1410 1341 1569 1419 fructus
1596 1341 1802 1443 compositi

97 1478 327 1556 nascuntur.

192 1653 389 1735 Portibiiir
403 1657 561 1733 fructus
581 1657 741 1742 dicitur,
768 1661 836 1755 qui
860 1668 952 1735 ante
977 1657 1134 1758 plenam
1161 1660 1269 1735 suam
1298 1660 1567 1734 maturitatem
1595 1658 1802 1751 integerri-

100 1805 188 1862 mus
213 1785 293 1860 else
310 1786 473 1861 videtur
487 1785 527 1860 &
549 1788 638 1859 satis
654 1787 887 1878 aequabilem
907 1788 1027 1862 habet
1058 1788 1324 1885 superficiem,
1350 1794 1397 1859 ut
1416 1782 1713 1882 compositionis
1735 1790 1805 1855 aut

99 1911 304 1987 divisionis
322 1916 395 1988 vix
407 1914 485 1986 ulla
501 1914 692 1986 habeatur
711 1911 893 2009 suspici03
919 1918 1101 2009 quivero
1115 1914 1267 2015 postea,
1292 1914 1435 2007 absque
1450 1908 1608 1984 laelione
1623 1910 1802 2009 propriae

100 2038 176 2112 suae
189 2039 433 2127 substantiae,
460 2046 498 2114 in
514 2042 741 2138 portiones,
768 2042 874 2113 inter
897 2041 935 2114 se
959 2039 1191 2127 simillimas,
1217 2040 1568 2135 integerrimasque
1583 2038 1723 2137 sponte
1744 2035 1803 2109 di-

100 2164 257 2253 labitur,
288 2169 326 2242 δι
344 2169 508 2243 totidem
524 2166 698 2241 distinsta
721 2166 869 2241 format
883 2168 1073 2241 seminum
1095 2168 1375 2267 conceptacula
1399 2166 1542 2249 clausa,
1566 2174 1667 2258 quot
1687 2163 1801 2236 fuere

101 2300 250 2389 partes,
285 2297 467 2387 equibus
489 2292 557 2368 iste
581 2294 736 2368 fruitus
756 2295 1038 2388 integrabatur.
1088 2293 1242 2370 Omnes
1265 2297 1387 2388 igitur
1410 2292 1612 2391 partibiles
1631 2285 1802 2371 frustus,

97 2414 128 2514 ⁴sr
145 2424 307 2518 numeri
326 2421 470 2497 habeas
492 2424 704 2505 rationem,
731 2422 777 2496 ad
801 2419 955 2495 fruitus
980 2416 1217 2516 conjugatos
1236 2417 1427 2519 spestantr
1464 2419 1528 2493 sed
1550 2425 1719 2516 propter
1732 2413 1801 2486 ha-

102 2544 216 2621 bitum
234 2548 351 2622 suum
374 2558 613 2629 externum,
641 2548 679 2623 bt
701 2559 869 2647 propter
885 2548 1033 2644 stylum
1050 2547 1288 2645 plerumque
1303 2545 1536 2644 simplicem,
1561 2540 1801 2640 simplicibus

103 2693 254 2770 quoque
273 2672 470 2751 frustibus
485 2678 739 2749 annumerari
749 2676 887 2757 solent.
937 2673 1172 2749 Habentur:

191 2884 445 2989 Brpartibiies,
467 2885 688 2982 &quidem
715 2887 926 2962 combinati
952 2911 1007 2962 ex
1023 2887 1179 2962 duobus

237 3042 310 3140 a.)
335 3037 563 3118 Seminibus
582 3042 803 3116 corticatis:
830 3040 996 3123 Blairia,
1027 3038 1189 3138 Lippia,
1214 3036 1373 3124 Diodia,
1399 3034 1569 3134 Phyllis.
1656 3057 1660 3065 ·

237 3199 300 3289 b.)
326 3196 526 3296 Capsulis:
554 3192 780 3278 Cinchona,
805 3193 991 3278 Knoxia‚
1015 3190 1220 3268 Parilium.

280 3347 304 3448 )
329 3349 489 3423 Baccis:
514 3347 739 3430 Grumilea,
764 3346 1009 3443 Psychotria.

267 3503 305 3593 .)
333 3502 505 3603 Drupis:
531 3497 875 3578 Mellerschmidia.

265 3651 308 3751 .)
337 3654 527 3752 Siliquis:
553 3653 822 3753 Coronopus,
850 3652 994 3737 iberis,
1019 3647 1241 3730 Biscutella

234 3809 292 3898 s.)
339 3807 655 3904 Leguminibus:
680 3805 953 3902 Astragalus.»

194 4018 459 4121 Tripartibiles:
482 4023 710 4118 Richardia‚
736 4019 950 4106 Chamitis,
977 4018 1178 4096 Tricoccae
1192 4018 1328 4094 variae.

189 4174 532 4281 Quadripertibiles:
556 4172 978 4277 Cephalanthus(1.),
1004 4173 1208 4255 Verbena,
1235 4165 1409 4252 Ovieda,
1436 4160 1765 4242 Clerodenclrum.

188 4327 550 4433 Quinquepertibiies:
573 4328 783 4413 Tribulus,
809 4328 1058 4412 Bartramia,
1082 4322 1255 4422 Ayenia.

190 4478 505 4582 Multioartibiles:
533 4483 669 4576 Hura,
696 4480 981 4577 Aristolochia,
1004 4477 1045 4556 δι
1061 4487 1172 4556 certo
1192 4470 1392 4577 respestu,
1418 4471 1668 4572 Hypecoon,
1702 4466 1789 4543 He·

239 4763 245 4776 ι
290 4610 500 4708 dysarum,
525 4608 732 4687 Coronilla
746 4609 819 4688 &u
1640 4688 1789 4774 Lobati’

141 4887 185 4967 ¹.)
207 4887 404 4976 Cephalanmi
411 4893 549 4983 orarium
563 4893 732 4959 constanter
738 4888 987 4977 quadripartibile
1002 4891 1061 4968 est,
1084 4888 1134 4955 sed
1148 4889 1210 4955 duo
1225 4885 1426 4954 loculamenta
1440 4883 1558 4970 semper
1573 4882 1721 4944 abortant.

921 5075 952 5150 k
