4567 5959
512 504 689 563 chxw
1224 513 1531 568 m

520 741 524 748 ’
609 718 682 795 Uti
694 723 830 793 autem
846 717 932 795 vita
952 713 1191 813 embryonis
1207 716 1300 792 suos
1323 716 1442 793 habet
1456 721 1675 802 terminos,
1701 723 1821 813 atque
1837 719 1948 794 varia
1960 716 2088 796 dantur
2103 743 2167 797 ean

511 845 771 925 conservandi
784 844 969 928 artificia3
993 844 1048 917 ita
1073 863 1235 937 quoque
1254 841 1433 918 evolutio
1453 845 1478 919 s.
1496 847 1736 940 germinatio
1756 845 1870 919 suum
1891 845 2006 921 habet
2028 856 2165 945 tempus,

504 984 637 1070 atque
658 973 771 1052 varia
785 971 932 1048 dantur
945 990 1032 1045 eam
1047 968 1247 1044 excitandi
1270 977 1391 1062 atque
1412 971 1679 1068 promovendi
1693 971 1939 1049 adminicula.

611 1184 805 1263 Citiiiime
826 1185 1014 1258 nimirum
1039 1179 1219 1278 quaedam
1241 1183 1389 1258 semina
1410 1189 1638 1279 germinant
1664 1187 1705 1263 δι
1729 1187 1835 1262 intra
1857 1182 2091 1283 nysthemeri
2107 1183 2167 1281 ipa·

511 1315 614 1390 tium
630 1315 759 1415 prima
775 1312 841 1386 sua
858 1308 1033 1384 fundunt
1051 1307 1209 1384 foliola:
1238 1313 1297 1385 uti
1310 1307 1483 1386 Milium.
1532 1310 1626 1387 Alia
1646 1335 1769 1398 vero,
1793 1336 1919 1408 eaque
1939 1313 2106 1412 piurima,
2126 1310 2169 1379 in·

511 1448 576 1515 tra
593 1442 763 1539 primam
780 1438 1036 1536 septimanam
1062 1434 1208 1510 foetum
1230 1434 1377 1511 edunt:
1404 1446 1449 1509 ut
1467 1431 1695 1531 Siliquosae,
1726 1435 1991 1537 Composrtae,
2020 1433 2168 1528 Legumi-

512 1563 640 1649 nosae3
665 1564 760 1648 alia,
785 1557 942 1637 nonnisi
960 1561 1028 1635 sub
1048 1562 1171 1636 finem
1194 1564 1315 1660 primi
1338 1560 1501 1637 mensis:
1531 1572 1579 1636 ut
1595 1559 1857 1639 Verticiliatae
1882 1563 1922 1639 δι
1945 1557 2169 1639 Umbeliiiera

511 1694 657 1803 variae3
681 1688 754 1763 aiia
774 1689 861 1788 post
885 1690 1085 1783 integrum
1106 1709 1279 1762 annum:
1306 1696 1354 1761 ut
1377 1685 1698 1786 Melampyrum,
1729 1686 1911 1776 Paeonia,
1942 1682 2169 1769 Castaneas&

512 1817 684 1911 denique
699 1816 842 1891 iterum
863 1815 938 1918 alia
951 1813 1039 1913 post
1060 1815 1354 1897 bienniumaut
1369 1811 1553 1907 Cornus,
1575 1814 1697 1901 Rosa,
1721 1813 1907 1914 corylus
1919 1817 1989 1895 &c
2036 1810 2101 1890 Sed
2110 1822 2169 1884 ter·

513 1943 610 2018 mini
630 1941 688 2017 isti
709 1961 958 2037 nequaquam
982 1944 1035 2015 ita
1054 1940 1208 2017 stabiles
1230 1942 1336 2026 sunt,
1361 1943 1457 2036 quin
1488 1945 1701 2038 praeverti,
1739 1952 1809 2018 aut
1829 1944 2019 2018 retardari
2039 1939 2168 2015 multum

508 2077 670 2163 queant
720 2068 944 2145 Plurimum
957 2067 1032 2142 scil.
1057 2089 1182 2142 novae
1203 2066 1350 2165 plantae
1373 2069 1568 2141 maturior
1588 2076 1818 2166 proventus
1839 2093 1862 2143 a
1886 2065 2065 2146 calore&
2083 2060 2166 2141 coeli,

511 2192 869 2293 tempestatumque
897 2193 1105 2269 clementia
1135 2191 1302 2291 pendet,
1339 2190 1379 2266 δι
1406 2192 1577 2270 multum
1601 2215 1764 2288 quoque
1787 2194 1877 2270 heic
1903 2195 2011 2271 vaiet
2034 2186 2167 2265 conditio

508 2334 654 2405 terrac,
681 2323 745 2394 cui
762 2322 908 2397 semina
923 2319 1161 2403 creduntnr3
1191 2322 1411 2414 generatim
1427 2327 1560 2393 tamen
1577 2319 1829 2417 experientia
1841 2322 2103 2396 confirmatum
2112 2309 2167 2391 cst»

507 2448 615 2542 quod
635 2446 919 2524 herbaceorum
936 2446 1163 2544 plantarum
1180 2444 1325 2520 semina
1341 2446 1467 2537 magis
1480 2447 1674 2540 praecocia
1692 2442 1787 2529 sint,
1813 2463 1935 2539 quam
1950 2442 2167 2540 lignosarum

505 2575 681 2670 &quod
707 2572 946 2657 vetustiora,
980 2567 1117 2645 sinon
1139 2569 1315 2667 semper,
1354 2566 1593 2669 plerumque
1620 2578 1755 2645 tamen
1786 2573 1941 2649 tardius
1966 2568 2167 2668 germinent·

508 2696 627 2805 quam
651 2702 839 2781 recentia.

564 2929 569 2934 -
607 2879 861 2957 Adminicuia
891 2879 1080 2980 denique,
1114 2885 1446 2978 germinationem
1468 2883 1772 2980 promoventia,
1798 2878 1967 2981 duplicis
1988 2883 2024 2954 in
2043 2873 2169 2952 unirerss

509 3010 593 3084 sum
612 3010 773 3103 generis
788 3009 896 3083 sunt:
922 3009 997 3082 alia
1011 3007 1085 3084 scil.
1100 3011 1245 3105 quibus
1266 3009 1479 3085 seminibus
1504 3005 1614 3105 ipfis,
1639 3007 1678 3082 ὃ(
1697 3006 1792 3092 alia,
1818 3011 1968 3104 quibus
1989 3018 2111 3084 terrac,
2128 2997 2168 3071 s·

509 3138 616 3210 mina
631 3135 857 3233 recipienti,
884 3135 1036 3209 medela
1052 3133 1188 3213 afferri
1210 3137 1319 3211 solet.
1370 3133 1462 3218 Illa,
1491 3130 1521 3205 sr
1542 3154 1626 3205 non
1650 3133 1806 3234 semper
1821 3129 1992 3218 nociva,
2016 3143 2058 3204 ut
2077 3122 2167 3224 pinri·

394 3244 399 3249 ’
508 3283 620 3335 mum
639 3268 773 3334 tamen
791 3257 1007 3359 periculosa
1022 3260 1133 3346 sunt,
1163 3265 1255 3357 quia
1278 3262 1491 3357 embryoni
1508 3252 1638 3354 major
1653 3263 1893 3336 nutrimenti
1909 3263 2018 3362 copia
2033 3247 2168 3348 suggeri·

511 3394 604 3472 tur,
631 3396 701 3459 aut
717 3387 836 3460 nimia
847 3386 1029 3461 humoris
1040 3392 1240 3480 quantitas
1255 3390 1294 3462 in
1311 3389 1468 3465 seminis
1488 3387 1760 3479 integumenta
1771 3397 1966 3481 urgetur,
1989 3405 2092 3481 qnam
2105 3392 2170 3470 quae

508 3512 690 3611 proficua
707 3510 782 3588 ess'e
804 3499 945 3610 possit,
970 3514 1039 3594 vel
1061 3512 1211 3606 &quia
1234 3515 1341 3588 inter
1366 3513 1552 3587 macerati
1579 3512 1736 3588 seminis
1760 3523 1882 3606 atque
1906 3524 2026 3588 terrae
2043 3509 2076 3582 ὁ(
2095 3515 2169 3576 ten·

507 3638 670 3738 pestatis
688 3639 978 3721 conditionem,
1003 3660 1085 3713 non
1106 3641 1261 3738 semper
1270 3636 1373 3734 justa
1392 3639 1432 3714 δι
1454 3638 1703 3714 conveniens
1719 3639 1893 3714 obtineri
1914 3635 2039 3738 potest
2054 3645 2169 3722 tenpe·

507 3768 602 3840 ries.
655 3763 764 3840 Hinc
785 3761 1033 3839 lentissimam
1066 3764 1358 3863 resorptionem
1377 3765 1563 3865 simplicis
1585 3770 1741 3838 tantum
1766 3762 1915 3841 halitus
1934 3759 2078 3858 aquosi,
2108 3773 2168 3826 on·

505 3894 625 3968 nibus
646 3892 728 3968 istis
747 3877 1080 3966 macerationibus
1095 3889 1377 3988 praeferimus;
1403 3890 1441 3965 δι
1460 3913 1512 3964 ne
1530 3889 1624 3965 lima
1648 3890 1806 3985 quidem
1824 3891 1991 3965 duriora
2007 3878 2170 3984 putamina

506 4016 721 4102 arrodere,
745 4015 811 4092 sed
835 4040 900 4101 ea,
925 4014 1093 4090 docente
1127 4013 1356 4102 mmm,
1391 4019 1496 4090 intra
1516 4014 1616 4090 duas
1644 4016 1762 4093 testas
1782 4001 1798 4110 ,⁶
1823 4017 1954 4091 addita
1976 4025 2075 4090 terra
2096 3996 2170 4078 suffi·

505 4145 646 4227 cienti,
673 4145 975 4242 comprehensa,
1002 4143 1154 4217 recenti
1170 4143 1387 4239 vaporario
1402 4140 1558 4217 tradere
1573 4141 1802 4228 suademus,
1828 4153 1876 4217 ut
1890 4144 1956 4218 sua
1970 4142 2096 4238 sponte
2105 4145 2170 4224 ape·

507 4271 676 4343 riantur.
699 4267 926 4346 Posteriora
939 4279 1073 4344 autem
1088 4268 1344 4367 adminicula,
1369 4290 1460 4363 quae
1476 4269 1515 4341 in
1532 4275 1825 4369 praeparatione
1837 4281 1964 4348 terrae
1975 4258 2169 4341 consistunt,

506 4395 669 4470 minime
694 4393 932 4494 spernenda,
959 4396 1039 4468 imo
1061 4395 1198 4492 potius
1217 4397 1350 4488 magni
1369 4393 1544 4469 facienda
1564 4393 1675 4481 sunt,
1701 4396 1729 4471 fi
1756 4384 1945 4497 propriae
1961 4389 2170 4472 diversarum

503 4519 700 4594 seminum
722 4514 938 4619 specierum
956 4519 1076 4593 indoli
1091 4542 1137 4592 ac
1154 4531 1310 4597 naturae
1323 4522 1643 4599 accomodentur.
1695 4521 1774 4599 Sed
1796 4544 1931 4617 neque
1943 4523 2044 4601 haec,
2068 4521 2170 4598 neque

504 4646 632 4720 variae
659 4647 699 4718 in
727 4646 807 4744 ipsa
834 4645 1024 4721 seminum
1051 4639 1217 4721 Satione
1238 4648 1493 4742 observandae
1514 4649 1701 4733 cautelae,
1737 4647 2019 4747 Carpologiam
2041 4650 2170 4740 puram

497 4775 642 4870 ,inqua
662 4794 769 4847 nune
788 4770 1016 4863 versamur,
1034 4767 1229 4869 spectant,
1255 4793 1379 4867 quare
1398 4774 1447 4851 de
1472 4778 1520 4853 iis
1541 4776 1671 4853 obiter
1693 4775 1829 4852 saltem
1855 4777 2090 4852 mentionem
2105 4753 2170 4831 heic

504 4893 674 4994 injecisse
697 4899 870 4978 sufficiat.

2014 5025 2169 5123 CAPVT
