4567 5959
476 524 563 578 v111
1177 509 1480 536 ““““““·““

473 738 632 793 merum
657 722 743 794 rete
765 712 1018 792 vasculorum
1037 709 1357 788 tenuissimorum
1382 737 1406 788 e
1432 715 1572 788 matris
1605 717 1753 789 cortice
1781 716 1941 790 interno
1969 717 2171 792 enascatur

472 857 593 941 atque
629 843 798 939 granulo
837 841 1083 939 primordiali
1124 839 1385 922 insternatur3
1427 838 1565 936 postea
1599 864 1700 916 vero
1725 840 1762 914 id
1792 842 1914 939 ipsum
1943 842 2170 928 reticulum,

471 975 593 1047 novis
615 968 804 1048 vasorum
829 966 962 1042 stratis
977 963 1154 1048 austum,
1180 964 1319 1040 sensim
1333 968 1373 1037 in
1389 963 1680 1041 craffiusculam
1698 969 1883 1060 vaginam
1900 968 2169 1053 convalescat,

471 1120 562 1192 quae
583 1096 630 1170 ab
647 1104 826 1169 externo
846 1094 986 1167 matris
1005 1096 1154 1167 cortice
1173 1093 1355 1178 discreta,
1382 1093 1553 1188 granulo
1570 1090 1777 1168 arctissime
1795 1091 2048 1176 adnascatur,
2073 1092 2113 1167 ὅ(
2132 1094 2172 1165 iu

469 1224 682 1322 proprium
707 1218 796 1316 ejus
827 1220 942 1296 abeat
959 1222 1159 1295 corticem.
1322 1196 1326 1204 ¹

568 1432 636 1511 Sic
664 1431 846 1510 indutum
879 1435 949 1508 suo
975 1436 1123 1510 cortice
1148 1435 1380 1530 granulum,
1411 1435 1451 1508 in
1470 1437 1640 1529 gemmis
1667 1432 1861 1533 aphyllis,
1893 1435 1976 1510 solo
1997 1436 2176 1508 omnium

471 1563 647 1661 partium
673 1562 830 1636 suarum
850 1561 1033 1655 aequabili
1056 1560 1292 1634 extensione
1316 1554 1460 1653 jusbam
1488 1582 1659 1656 gemmae
1684 1560 1742 1634 fui
1763 1559 1917 1635 ordinis
1947 1560 2177 1657 adipiseitur

471 1687 640 1784 speciem
665 1687 705 1760 &
736 1687 878 1761 dehinc
900 1686 980 1760 leni
996 1686 1128 1780 gressu
1156 1690 1198 1759 in
1220 1685 1458 1759 matrissuae
1481 1689 1627 1781 migrat
1645 1686 1827 1763 formam.
1878 1685 1925 1760 In
1950 1685 2178 1785 compositis

379 1895 384 1902 ‚
471 1821 607 1886 autem
632 1815 801 1906 gemmis
810 1837 821 1895 ;
847 1815 1020 1910 primum
1045 1815 1206 1886 externi
1233 1813 1393 1886 corticis
1415 1814 1583 1885 materni
1609 1812 1803 1909 repagula
1834 1811 2047 1905 agranulo
2070 1833 2177 1883 rum·

470 1947 645 2035 puntur,
671 1946 790 2030 atque
812 1936 888 2010 hoc
908 1937 1043 2035 postea
1066 1940 1106 2010 in
1133 1938 1323 2031 gracilem
1348 1935 1566 2030 fastigiatur
1588 1961 1754 2023 conum,
1786 1939 1848 2011 cui
1867 1935 2007 2013 Carina
2029 1957 2178 2009 nomeu

472 2062 551 2147 est,
577 2062 736 2136 tandem
767 2084 868 2136 vero
896 2087 952 2138 ex
980 2064 1062 2162 ipso
1082 2062 1160 2137 hoc
1181 2085 1304 2158 cono,
1335 2060 1601 2137 minutissimae
1621 2064 1827 2163 prodeunt
1847 2060 2064 2161 papillulae,
2091 2062 2178 2154 qui·

472 2188 548 2262 bus
572 2186 707 2263 sensim
732 2188 772 2259 in
800 2210 898 2263 vera
922 2187 1058 2262 foliola
1085 2186 1311 2270 conversis,
1344 2196 1429 2259 tota
1449 2187 1611 2265 demum
1634 2212 1805 2286 gemmae
1826 2184 2057 2286 compositae
2077 2186 2178 2260 inte·

473 2324 613 2408 gratur
631 2314 798 2395 fabrica,
834 2307 1003 2409 ejusque
1031 2313 1260 2389 formationi
1280 2315 1500 2411 imponitur
1524 2316 1629 2393 finis.

568 2527 808 2606 Acceiforiae
830 2550 1079 2622 gemmarum
1095 2539 1234 2630 partes
1250 2553 1305 2603 ex
1320 2530 1404 2604 solo
1425 2533 1564 2605 matris
1576 2534 1725 2607 cortice
1744 2539 1918 2606 externo
1934 2527 2178 2609 formantur,

471 2654 529 2739 δι,
553 2654 665 2729 sicuti
694 2678 777 2729 non
807 2658 991 2731 omnibus
1011 2659 1180 2750 gemmis
1206 2655 1415 2742 concessae,
1451 2661 1505 2731 ita
1532 2661 1665 2734 necin
1691 2660 1878 2734 omnibus
1901 2655 2055 2733 stabiles
2076 2654 2178 2728 funt.

471 2778 515 2854 A
531 2801 662 2864 nexu,
687 2804 806 2876 quem
827 2806 918 2857 cum
940 2785 1109 2875 gemmis
1134 2782 1226 2882 ipsis
1244 2784 1410 2865 habent,
1433 2781 1612 2858 bifariam
1628 2783 1800 2883 dispesci
1818 2783 1997 2883 possunt:
2031 2799 2179 2875 nempe

473 2903 560 2978 aliae
580 2928 719 2980 earum
741 2906 879 2982 nullibi
905 2930 997 2982 cum
1021 2913 1191 3000 gemmis
1219 2910 1298 2984 fuis
1322 2907 1547 2993 cohaerent,
1579 2908 1733 2984 sedeas
1760 2919 1917 2985 tantum
1950 2905 2179 2985 includunt3

473 3049 574 3123 quas
602 3029 689 3103 ideo
713 3029 828 3107 thecas
847 3034 1039 3109 dicemus:
1080 3034 1168 3109 aliae
1197 3058 1301 3112 vero
1332 3032 1440 3109 artie
1468 3034 1545 3109 basi
1572 3057 1822 3128 gemmarum
1851 3037 2006 3112 adnatae
2027 3032 2119 3134 funt
2138 3025 2180 3101 &

474 3160 649 3232 carinam
670 3160 970 3258 amplexantur;
995 3168 1114 3254 atque
1135 3159 1208 3234 has
1226 3163 1393 3260 proprie
1409 3159 1590 3237 involucra
1612 3161 1913 3260 appellabimus.

573 3370 722 3456 Theca,
752 3372 999 3448 multiforme
1030 3370 1081 3447 esi
1104 3375 1452 3471 conceptaculum,
1491 3375 1598 3470 quod
1628 3399 1751 3450 unam
1776 3374 1970 3473 pluresve
2000 3387 2179 3465 gemmas

473 3498 637 3582 liberas,
664 3498 712 3571 ad
736 3509 891 3572 certum
916 3520 1043 3595 usque
1068 3511 1248 3597 tempus,
1285 3502 1391 3574 intra
1413 3504 1623 3576 cavitatem
1642 3503 1751 3576 fuam
1770 3499 1907 3581 fovet,
1933 3517 2084 3590 easque
2111 3493 2180 3566 de·

474 3647 585 3699 mum
610 3625 748 3723 sponte
769 3624 938 3699 dimittit.
997 3621 1105 3701 Solis
1130 3624 1425 3723 Propaginibus
1452 3627 1661 3701 nonnullis
1681 3623 1870 3701 conoess'ae
1891 3622 1997 3703 sunt,
2028 3618 2087 3702 dt,
2111 3615 2180 3693 vel

473 3751 578 3823 intra
599 3748 805 3823 frondium
820 3749 1071 3848 superficiem
1085 3752 1321 3826 absconditae
1337 3752 1479 3838 latent,
1505 3752 1573 3830 vel
1596 3753 1713 3850 supra
1736 3773 1824 3825 eam
1847 3742 2067 3847 porrestae,
2091 3744 2180 3837 scy-

473 3877 603 3974 phuli,
626 3876 775 3958 tubuli,
801 3877 1070 3972 proboscidis,
1095 3885 1165 3951 aut
1181 3878 1295 3953 aliam
1312 3878 1482 3954 formam
1503 3878 1672 3960 habent3
1698 3879 1739 3949 in
1754 3883 1929 3967 utroque
1951 3893 2052 3945 vero
2074 3866 2180 3950 casu,

473 4024 546 4099 per
565 4005 833 4077 maturitatem
845 4002 955 4099 apice
969 4001 1182 4077 dehiscunt
1195 4003 1234 4077 dt
1247 4013 1436 4077 contenta
1449 4008 1552 4079 intra
1568 4003 1606 4078 se
1619 4002 1800 4096 germina
1819 3994 1993 4092 ejiciunt.
2040 3991 2179 4084 Vulgo

474 4150 552 4227 pro
573 4130 708 4222 calyce
728 4125 883 4202 fruitus
907 4137 976 4200 aut
996 4126 1157 4201 feminei
1182 4127 1319 4212 floris,
1344 4131 1439 4222 quin
1465 4128 1505 4203 ἃ
1529 4152 1605 4227 pro
1632 4124 1829 4200 antherali
1852 4121 2011 4201 vasculo
2039 4117 2180 4193 haberi

474 4254 621 4336 solent,
646 4252 711 4327 fed
730 4261 1011 4326 contentarum
1029 4256 1205 4349 partium
1223 4251 1398 4337 indoleS,
1425 4274 1493 4329 eas
1512 4278 1590 4354 pro
1620 4253 1744 4327 meris
1769 4270 2017 4345 gemmarum
2043 4246 2180 4319 diver-

475 4377 607 4452 ticulis
645 4377 842 4458 declarat;
892 4387 1011 4470 atque
1043 4370 1163 4472 hujus
1194 4379 1254 4453 rei
1289 4378 1555 4466 luculentum,
1597 4377 1941 4454 Marchantiarum
1975 4369 2180 4471 scyplurlb

476 4501 626 4578 faciunt
642 4504 920 4579 testimonium.

573 4717 851 4799 involucrum,
889 4718 948 4792 est
976 4718 1253 4792 indumentum
1281 4743 1336 4795 ex
1361 4742 1442 4796 una
1465 4722 1704 4820 pluribusve
1728 4718 1899 4817 squamis
1923 4705 2181 4788 corticalibus

474 4842 711 4927 conflatum,
737 4843 844 4940 quod
870 4848 1056 4944 proprias
1075 4866 1245 4940 gemmae
1268 4859 1406 4947 partes
1425 4847 1472 4922 ab
1492 4843 1649 4943 injuriis
1673 4847 1857 4923 externis
1880 4837 2075 4918 defendit,
2100 4855 2182 4906 nec

2100 4956 2181 5033 nisi
