4567 5959
845 519 1155 553 ...Ι-.-
1701 517 1851 573 LXXIX

237 723 351 800 Inter
374 724 561 822 proprias
586 720 625 797 dt
641 722 854 817 inquilinae
873 724 1077 800 fructuum
1094 725 1325 820 qualitates,
1350 724 1398 799 de
1416 721 1569 819 'quibus
1593 749 1700 802 nunc
1719 729 1852 806 dicen·

134 852 252 947 dum,
275 851 424 926 referri
443 849 682 950 potissimum
700 861 906 924 merentur
924 874 1066 927 eorum
1087 851 1334 929 consistentia
1357 862 1475 946 atque
1492 852 1654 946 fabrica,
1680 863 1760 929 tam
1782 879 1851 930 ex·

132 989 273 1071 terna,
299 1001 417 1074 quam
434 980 599 1052 iuterna.
650 974 790 1051 Ouarii
810 978 884 1052 scii.
901 981 1101 1053 immaturi
1120 978 1367 1054 confistentia
1383 979 1538 1077 semper
1551 982 1682 1056 mollis
1703 982 1742 1056 ἃ
1755 983 1850 1057 her-

133 1106 255 1181 bacea
277 1104 354 1189 est,
379 1115 424 1178 ut
443 1103 607 1179 extendi
632 1102 672 1177 ὃ(
691 1106 729 1176 in
747 1099 891 1199 justam
912 1105 1083 1180 sormam
1106 1104 1245 1181 sensim
1268 1104 1365 1199 fingi
1386 1103 1522 1203 possit3
1558 1129 1648 1182 cum
1674 1132 1778 1186 vero
1801 1108 1851 1184 ad

133 1234 406 1308 maturitatem
429 1230 534 1305 suam
549 1235 860 1329 appropinquat,
887 1231 1083 1329 duplicem
1099 1234 1322 1327 generatim
1339 1237 1552 1329 experitur
1567 1232 1727 1313 sortem.
1762 1232 1851 1309 Aut

132 1362 242 1435 enim
269 1357 578 1433 extenuatur&
606 1381 695 1431 cum
735 1356 934 1455 dispendio
965 1356 1148 1432 crassstiei
1177 1360 1275 1444 suae,
1314 1360 1433 1457 paulo
1461 1353 1653 1454 majorem
1681 1363 1850 1455 acquirit

132 1484 467 1580 magnitudinum
494 1494 563 1558 aut
578 1483 791 1558 secundum
811 1506 953 1559 omnes
973 1485 1061 1559 suas
1084 1484 1349 1560 dimensiones
1366 1484 1617 1568 incrassatur,
1643 1496 1763 1580 atque
1775 1511 1849 1564 va-

130 1618 218 1689 rias
245 1610 505 1691 consistentiae
526 1611 606 1685 suae
627 1617 780 1711 patitur
806 1616 1061 1687 mutationes.
1112 1612 1190 1697 Ita,
1216 1615 1255 1686 in
1283 1615 1410 1710 priori
1436 1613 1542 1705 casu,
1567 1610 1850 1690 obeliusculum

130 1751 253 1815 antea
275 1742 480 1822 ovarium,
507 1740 547 1811 in
569 1741 754 1815 omnibus
769 1739 821 1816 sic
835 1742 947 1818 dictis
964 1740 1177 1817 seminibus
1199 1739 1341 1821 nudis,
1367 1763 1458 1814 eum
1485 1742 1525 1812 in
1546 1739 1709 1813 modum
1733 1751 1849 1814 exte-

130 1877 304 1951 nuatur,
328 1877 374 1940 ut
388 1866 545 1941 demum
568 1889 657 1939 cum
677 1866 825 1944 semine
838 1869 918 1966 ipso
937 1867 1115 1943 coniiuat
1128 1867 1168 1942 ὅ(
1190 1888 1315 1941 unum
1331 1890 1421 1943 cum
1433 1891 1482 1942 eo
1497 1868 1746 1943 indiscretum
1764 1867 1850 1942 effi·

128 1996 210 2068 ciat
223 2012 392 2090 corpus;
420 1997 472 2066 ita
492 1995 532 2065 in
549 1992 818 2069 Verbenaceis
836 1996 1060 2082 nonnullis,
1086 1996 1220 2070 mollis
1244 1996 1351 2068 uteri
1374 1995 1600 2078 substantia,
1627 2015 1706 2088 qua
1727 1997 1850 2071 ovula

128 2124 241 2194 inter
254 2119 292 2192 se
310 2122 492 2193 revincta
510 2129 626 2192 erant
636 2130 650 2211 ,‘
673 2143 746 2217 pei·
773 2127 1041 2197 maturitatem
1063 2127 1224 2221 penitus
1240 2124 1451 2206 exarescit,
1477 2131 1524 2195 ut
1546 2121 1708 2204 semina,
1734 2121 1849 2195 nullo

127 2248 307 2344 amplius
322 2248 522 2319 communi
536 2248 715 2339 tegmine
731 2250 960 2346 complexa,
988 2251 1128 2349 sponte
1142 2250 1382 2332 dilabantur,
1408 2249 1447 2323 u
1458 2250 1510 2321 ita
1524 2249 1645 2339 etiam
1660 2248 1698 2318 in
1713 2243 1852 2344 Sicyo,

128 2377 343 2447 immatura
359 2374 473 2446 bacca
491 2373 756 2457 crassiuscula,
781 2374 919 2449 sensim
936 2399 1027 2450 eum
1050 2378 1088 2449 in
1106 2376 1268 2450 modum
1285 2375 1542 2459 contabescit,
1566 2383 1613 2446 ut
1631 2372 1789 2458 demum
1809 2377 1848 2448 iu

126 2498 397 2575 tenuissimam
412 2500 525 2574 abeat
542 2499 784 2599 pelliculam,
811 2502 946 2577 semini
968 2503 1304 2600 superinductam,
1330 2526 1447 2596 quam
1464 2503 1538 2577 vix
1553 2500 1742 2574 crederes
1753 2501 1848 2574 olim

125 2625 243 2700 fuisse
259 2627 426 2701 baccam.
481 2626 524 2698 ln
542 2627 604 2700 his
620 2649 738 2720 ergo,
765 2627 932 2721 aliisque
947 2630 1155 2703 nonnullis
1172 2629 1340 2719 casibus,
1367 2629 1475 2701 uteri
1486 2626 1715 2709 substantia,
1741 2624 1850 2720 quasi

126 2752 417 2827 detrimentum
443 2776 516 2849 per
545 2755 822 2827 maturitatem
836 2756 961 2851 capit,
989 2756 1057 2830 vel
1087 2756 1222 2830 saltem
1245 2759 1297 2829 ita
1320 2757 1591 2837 imminuitur,
1624 2763 1672 2827 ut
1695 2751 1848 2852 periisse

126 2879 342 2963 videatur3
370 2883 408 2951 in
434 2881 620 2957 omnibus
643 2890 776 2952 autem
804 2881 988 2974 reliquis,
1023 2882 1284 2957 adolescendo
1304 2890 1475 2975 augetur
1504 2880 1543 2955 δι
1573 2854 1657 2954 tam
1685 2880 1851 2966 formae,

125 3022 252 3099 quam
265 3005 528 3082 consistentiae
545 3006 585 3081 ἃ
598 3008 717 3082 molis
735 3007 818 3080 suae
832 3005 926 3081 facit
945 3006 1112 3086 lucrum.

229 3218 490 3297 Consistentia
505 3220 662 3296 fructus
681 3225 847 3308 maturi,
875 3226 1093 3318 generatim
1111 3223 1263 3321 triplex
1275 3221 1389 3297 statui
1403 3222 1553 3320 potest:
1579 3222 1678 3298 dura
1691 3244 1848 3322 nempe,

122 3346 280 3432 mollis,
308 3357 427 3442 atque
448 3350 605 3423 mixta.v
634 3347 738 3421 Duri
758 3351 920 3426 fructus
943 3352 1121 3425 omnium
1141 3349 1231 3423 sunt
1244 3347 1569 3441 frequentissimi,
1595 3372 1686 3423 narn
1705 3369 1849 3424 omnes

121 3473 345 3547 censentur
373 3473 480 3560 duri,
507 3477 576 3571 qui
595 3487 839 3573 apparenter
869 3502 925 3552 ex
954 3475 1213 3551 uniformi&
1249 3476 1418 3549 exsucca
1449 3474 1655 3549 substantia
1685 3475 1848 3549 conslati

116 3600 240 3683 sunu
268 3599 418 3693 gradus
445 3614 579 3677 autem
607 3602 764 3677 duritiei
787 3603 933 3677 dantur
961 3605 1183 3688 innumeri,
1215 3602 1413 3701 alapidea
1434 3600 1509 3676 scil.
1532 3622 1623 3695 quae
1651 3604 1725 3676 vix
1756 3603 1846 3674 cha-

113 3728 223 3822 lybe
245 3729 352 3801 vinci
368 3737 507 3824 queat,
535 3728 656 3821 usque
678 3730 725 3804 ad
745 3731 989 3828 spongiosam
1009 3742 1080 3805 aut
1092 3732 1451 3814 membranaceam,
1475 3751 1567 3822 quae
1584 3729 1718 3821 digitis
1735 3727 1852 3803 facile

115 3851 247 3954 possit
269 3855 489 3951 comprimi.
541 3854 696 3931 Molles
726 3859 902 3941 fructus,
945 3879 1027 3930 non
1054 3860 1117 3931 alii
1145 3859 1366 3940 habentur,
1406 3866 1676 3953 praeterquam
1704 3853 1846 3928 Baccae

114 4004 259 4064 verae,
286 3984 434 4079 quippe
452 4003 547 4076 quae
559 3992 657 4055 totae
668 4008 723 4058 ex
740 3986 861 4084 pulpa
882 3994 951 4058 aot
973 4008 1092 4059 carne
1108 3987 1217 4058 molli
1244 4008 1288 4056 ac
1304 3983 1527 4055 succulenta
1546 3981 1731 4055 formatae
1746 3982 1845 4054 sunt.

117 4106 281 4183 Mixtae
304 4118 438 4182 autem
458 4109 739 4194 consistentiae,
764 4110 1003 4210 potissimum
1029 4111 1123 4183 sunt
1147 4109 1273 4183 Poma
1292 4120 1411 4202 atque
1436 4107 1617 4206 Drupae,
1644 4116 1690 4181 ut
1711 4119 1846 4181 tamen

115 4256 272 4310 omues
293 4256 458 4330 quoque
481 4237 544 4311 alii
559 4237 718 4312 fructus
737 4239 785 4312 ad
810 4240 911 4312 hanc
928 4236 1081 4311 classem
1102 4235 1250 4310 referri
1272 4244 1438 4329 queant,
1465 4236 1535 4330 qui
1558 4234 1763 4311 manifeste
1789 4257 1845 4309 ex

115 4362 281 4437 duabus
308 4364 478 4439 diversis
500 4366 721 4442 substantiis
746 4370 798 4441 ita
824 4365 1037 4439 constructi
1067 4365 1175 4449 sunt,
1201 4372 1247 4437 ut
1272 4362 1420 4446 altera,
1445 4362 1561 4438 alteri
1591 4384 1666 4461 pro
1689 4364 1845 4457 integu-
1958 4459 1962 4465 .

118 4498 272 4565 mento
292 4489 482 4566 inserviat
506 4502 627 4590 atque
648 4496 837 4601 exterior
855 4515 932 4592 pro
953 4495 1099 4568 cortice
1119 4490 1279 4567 fructus
1302 4491 1439 4566 haberi
1458 4487 1587 4589 possit

227 4723 388 4801 Cortex
413 4751 559 4828 nempe
579 4753 723 4817 verus,
749 4750 830 4806 non
851 4732 1039 4805 omnibus
1070 4730 1269 4805 fructibus
1292 4729 1501 4828 competit;
1528 4726 1658 4802 sedin
1684 4725 1844 4808 multis,

118 4849 307 4948 simplex
321 4864 477 4930 tantum
492 4856 694 4944 Cuticula,
719 4855 809 4956 ejus
823 4868 938 4933 tenet
958 4859 1110 4941 locum;
1138 4856 1178 4932 dr
1204 4859 1245 4930 in
1266 4852 1475 4954 plurimis,
1496 4876 1548 4926 ne
1572 4851 1661 4925 haec
1685 4849 1844 4943 quidem

118 4976 260 5075 adest,
282 4979 349 5055 sed
369 4983 462 5059 nudi
481 4988 657 5085 parietes
674 4990 859 5073 externi,
885 4988 1047 5061 corticis
1066 4987 1195 5061 vicem
1212 4993 1372 5079 gerunt
1422 4978 1626 5062 Cuticuia,
1648 4998 1743 5050 raro
1773 4997 1843 5059 ue·

1783 5101 1844 5175 nit
