4567 5959
824 542 1131 616 m
1721 538 1841 602 vcuv

4 842 6 845 y
116 749 303 839 guntur,
330 763 439 818 nunc
460 748 594 819 autem
615 739 769 836 cinguli
779 739 950 820 adinstar
976 749 1111 820 totum
1141 740 1321 824 ambiunt
1347 742 1498 826 lernen:
1535 754 1580 824 ut
1601 747 1641 822 in
1668 746 1841 830 Dolicha

5 901 13 922 ν
117 882 247 946 urente
261 877 304 946 et
317 870 422 943 aliis.¹
443 862 522 944 Sed
544 865 593 944 de
606 867 670 944 his
684 867 818 947 fasciis
835 890 935 944 mox
947 867 1076 942 sermo
1093 868 1194 950 erit,
1220 888 1310 942 cum
1336 870 1384 950 de
1402 870 1587 948 umbilico
1608 875 1769 956 interno
1783 877 1841 960 di-

114 985 291 1078 ¹cemus,
318 987 432 1088 cujus
455 995 604 1091 quippe
623 992 753 1072 sedem
779 993 1017 1091 plerumque
1040 993 1249 1087 indigitare
1269 990 1405 1074 solent.

230 1204 299 1282 Ab
337 1161 521 1279 umbilico
554 1211 759 1287 externo,
807 1195 966 1277 definiri
1008 1204 1166 1281 lerninis
1206 1209 1417 1301 regiones,
1459 1204 1500 1281 δι
1526 1211 1601 1281 ex'
1618 1203 1706 1304 ejus
1739 1207 1840 1294 sstu.

128 1331 338 1429 dijudicari
351 1352 513 1426 quoque
525 1328 640 1404 litum
653 1331 1098 1428 partiuminternarum‚
1114 1334 1233 1408 modo
1246 1336 1460 1410 innuimus.
1482 1331 1687 1428 Regiones
1696 1356 1841 1433 nempe

4 1520 7 1524 .
131 1461 173 1532 in
188 1459 336 1533 semine
352 1460 575 1551 generatim
599 1456 775 1550 quinque
791 1453 1104 1549 distinguuntur:
1131 1458 1231 1536 basis
1251 1458 1326 1533 scil.
1342 1469 1510 1544 vertex,
1539 1460 1720 1544 dorsum,
1745 1479 1841 1542 ven·

134 1596 199 1658 ter
222 1592 342 1677 atque
364 1583 500 1660 latera
551 1581 599 1656 In
625 1580 837 1656 seminibus
862 1583 1017 1676 itaque,
1053 1608 1077 1657 e
1104 1588 1328 1684 pericarpio
1354 1587 1546 1670 exemtis,
1571 1582 1659 1691 bafir
1685 1585 1841 1684 semper

138 1708 202 1782 illa
219 1709 364 1783 dicitur
381 1709 541 1784 seminis
555 1709 818 1790 extremitas,
845 1709 885 1780 in
905 1728 985 1802 qua
1009 1711 1221 1787 umbilicus
1242 1711 1491 1796 locatores,
1515 1716 1575 1786 uti
1601 1721 1742 1786 contra
1767 1735 1840 1785 ver·

4 1843 6 1882 ῑ
137 1844 197 1909 tex
213 1833 435 1932 appellatur
455 1836 567 1929 regio
585 1835 711 1932 priori
724 1830 873 1909 diretta
888 1834 1086 1932 oppositam
1112 1845 1232 1933 atque
1247 1839 1335 1913 haec
1357 1840 1626 1915 denominatio
1647 1841 1688 1912 in
1710 1838 1840 1914 omni·

137 1960 210 2036 bus
222 1960 433 2036 seminibus
451 1960 635 2056 oblongis
649 1958 937 2055 &subglobofis
950 1959 1081 2037 locum
1097 1964 1225 2042 habet
1276 1966 1446 2062 Quando
1466 1976 1599 2042 autem
1614 1961 1839 2053 umbilicuS,

136 2086 263 2162 medio
285 2087 392 2160 inter
411 2090 691 2164 extremitates
711 2085 823 2172 loco,
850 2087 918 2163 vel
937 2086 977 2164 ἃ
998 2089 1040 2162 in
1061 2092 1223 2168 rotundi
1248 2092 1289 2167 ὃ(
1315 2089 1652 2190 compreffiusculi
1680 2090 1839 2163 seminis

136 2214 310 2308 margine
324 2211 478 2310 positus
493 2211 569 2297 est;
594 2221 692 2287 tunc
719 2212 798 2311 ipsa
818 2209 883 2285 illa
909 2216 1038 2307 regio,
1064 2225 1199 2299 venter,
1235 2219 1360 2293 altera
1382 2216 1509 2293 eidem
1536 2214 1733 2313 opposta,
1759 2211 1839 2289 dor·

127 2333 227 2434 sum,
250 2336 290 2412 br
309 2338 495 2432 reliquae,
521 2335 635 2415 latera
659 2348 868 2415 vocantur.
918 2336 965 2411 In
994 2319 1206 2416 seminibus
1222 2352 1354 2418 autem
1377 2344 1600 2442 pericarpio
1624 2337 1839 2422 conclusis,

135 2464 239 2539 latus
257 2485 398 2560 eorum
416 2466 484 2542 axi
507 2466 709 2546 communi
731 2467 985 2558 contiguum,
1016 2465 1172 2565 semper
1197 2471 1372 2553 ventris,
1398 2467 1698 2546 &extremitas
1727 2462 1842 2561 supe«

139 2592 237 2674 rior,
261 2589 416 2687 semper
436 2593 559 2690 apicis
576 2612 725 2665 nomen
744 2590 879 2676 habet,
905 2588 1054 2664 etiamst
1075 2592 1112 2666 in
1132 2591 1206 2666 hac
1221 2593 1429 2667 umbilicus
1445 2591 1683 2693 constitutus
1702 2588 1837 2661 fuerit.

137 2714 325 2817 Respeitu
336 2718 510 2815 partium
527 2718 798 2801 internarum,
823 2716 863 2791 δι
874 2715 1069 2811 figillatim
1084 2718 1337 2814 embryonis,
1363 2715 1460 2794 litus
1474 2715 1647 2791 umbilici
1665 2713 1838 2808 quadru-

140 2843 312 2940 plexest:
340 2837 518 2944 obversus,
545 2842 703 2937 quando
720 2843 957 2937 embryonis
983 2840 1176 2928 radicula,
1206 2856 1439 2945 aperturam
1459 2842 1634 2917 umbilici
1661 2840 1837 2937 respicit:

141 2967 181 3044 in
196 2967 453 3076 Compositis3
476 2971 672 3069 oppofiius,
703 2967 844 3053 srilla,
881 2967 1014 3042 huice
1040 2969 1235 3045 diametro
1263 2969 1445 3070 opposita
1466 2968 1541 3045 est:
1566 2971 1607 3042 in
1627 2963 1837 3049 Colchico;

141 3097 345 3188 contrarius,
372 3118 461 3170 cum
485 3095 698 3172 umbilicus
720 3118 743 3172 e
762 3098 930 3189 regione
951 3095 1067 3170 medii
1083 3098 1318 3194 embryonis
1332 3097 1434 3194 scapi
1457 3098 1640 3195 ponitur:
1667 3093 1706 3163 in
1722 3087 1838 3164 Plan·

141 3221 283 3314 tagine3
308 3220 347 3296 ὅ(
363 3219 498 3306 devius,
525 3243 615 3295 cum
630 3220 840 3298 umbilicus
861 3224 901 3295 in
921 3221 1010 3305 axi,
1035 3223 1205 3321 embryo
1229 3233 1364 3298 autem
1385 3219 1689 3302 horizontaliter
1704 3217 1752 3293 ad
1765 3241 1838 3318 pe·

142 3343 345 3442 ripheriam
359 3346 518 3423 seminis
540 3347 757 3421 collocatus
778 3347 852 3423 est:
879 3350 920 3421 in
941 3345 1146 3452 Phoenice.

230 3554 389 3633 Inirrrnu
407 3555 578 3652 denique
599 3558 809 3634 umbichs
833 3539 893 3635 est
917 3555 1014 3634 illud
1038 3554 1256 3655 punsium,
1285 3560 1325 3632 in
1349 3578 1432 3651 quo
1452 3554 1656 3634 funiculus
1682 3552 1836 3631 umbili-

138 3680 245 3767 caiis,
266 3693 336 3757 aut
358 3683 549 3760 vasorum
573 3687 840 3761 nutrientium
861 3682 1066 3760 fasciculus
1086 3684 1266 3782 propriae
1279 3683 1410 3760 nuclei
1431 3685 1675 3760 membranae
1699 3684 1836 3758 inseri-

137 3815 211 3884 tur.
259 3806 481 3908 Saepiliime
505 3808 541 3888 id
557 3806 747 3906 punitum
766 3832 856 3885 cum
875 3809 1062 3884 umbilico
1089 3819 1265 3886 externo
1286 3807 1492 3893 coincidit;
1523 3808 1589 3885 sed
1609 3808 1714 3884 haud
1738 3830 1834 3884 raro

137 3956 309 4033 quoque,
336 3934 542 4009 funiculus
562 3935 816 4029 umbilicalis‚
840 3934 1047 4034 postquam
1071 3935 1229 4012 seminis
1252 3934 1391 4014 testam
1412 3932 1607 4030 ingrelsus
1626 3934 1707 4031 est,
1731 3938 1835 4012 ulte-

136 4062 219 4139 rius
233 4067 378 4162 migrat
395 4061 435 4135 &
450 4061 690 4161 plerumque
713 4066 753 4136 in
776 4059 954 4161 opposita
983 4059 1113 4134 nuclei
1131 4062 1390 4134 extremitate
1409 4061 1668 4148 terminatur,
1704 4064 1836 4159 ibique

138 4191 354 4266 umbilicum
370 4191 575 4262 internum
592 4187 757 4283 format,
789 4191 875 4283 qui,
899 4207 1007 4262 nunc
1026 4186 1176 4262 areolae
1198 4184 1409 4266 coloratae,
1434 4173 1543 4266 nunc
1562 4190 1678 4288 parvi
1698 4191 1836 4266 tuber·

6 4387 16 4414 ‚
138 4316 210 4389 culi
224 4317 351 4392 callosi
374 4315 502 4413 specie
521 4335 741 4413 apparens,
768 4315 935 4414 proprio
957 4307 1124 4389 Clainzrr
1142 4312 1306 4386 nomine
1323 4311 1439 4386 nobis
1459 4314 1587 4388 venit
1635 4314 1681 4389 In
1699 4318 1837 4393 multis

5 4521 7 4524 .
138 4439 441 4540 seminibushaec
456 4440 603 4515 fabrica
620 4440 775 4514 nonnisi
799 4436 1099 4539 postexcuss'am
1121 4437 1258 4515 testam
1281 4438 1320 4512 in
1338 4435 1590 4538 conspicitum
1612 4446 1745 4529 venit;
1770 4443 1835 4519 sed

10 4651 13 4658 ,
141 4565 177 4637 in
190 4567 387 4643 aliishaud
401 4570 551 4664 paucis,
578 4562 666 4662 ejus
683 4566 847 4662 vestigia
862 4566 927 4642 vel
945 4567 985 4639 in
1002 4564 1080 4663 ipsa
1096 4564 1305 4663 superficie
1317 4575 1491 4640 externa
1501 4577 1715 4665 apparent,
1739 4569 1833 4650 dum

5 4675 14 4782 ἶ
137 4689 208 4765 scil.
228 4696 328 4772 inea
352 4694 530 4776 sasciam‚
555 4690 730 4778 sulcum,
756 4703 828 4766 aut
854 4690 999 4767 costam
1022 4691 1302 4788 conspicimus,
1332 4712 1425 4785 quae
1446 4690 1496 4768 ab
1511 4701 1687 4772 externo
1707 4695 1832 4770 umbi-

4 4801 18 4942 ?
133 4816 211 4892 lico
223 4821 405 4904 oriunda,
430 4822 470 4893 in
491 4820 710 4919 oppofitam
725 4819 883 4894 seminis
902 4818 1060 4915 plagam
1074 4815 1251 4893 decurrit
1273 4815 1488 4913 &semper
1509 4816 1558 4891 ad
1582 4821 1754 4898 chalazae
1774 4822 1833 4899 se.

126 4947 225 5023 dem
242 4949 489 5025 terminatur.
539 4942 751 5043 Ejusmodi
770 4942 906 5049 colu,
929 4950 977 5018 ut
995 4942 1044 5020 ab
1067 4943 1163 5020 aliia
1180 4941 1298 5022 sulcis
1323 4952 1393 5018 aut
1418 4942 1525 5022 striis
1551 4942 1830 5041 distinguatur,
1971 4980 1973 4983 >

505 5116 509 5121 Δ
942 5090 971 5167 p
995 5086 1018 5140 2
1686 5069 1834 5176 irrupit
