4567 5959
532 511 635 572 ⁶¹¹¹V
1080 551 1087 558 -
1230 517 1567 576 Β·

531 722 719 799 fabrioam
739 725 859 816 atque
888 716 1203 798 distributionem
1230 718 1379 795 habent
1404 718 1589 803 eandem,
1625 739 1717 813 quae
1744 714 1840 816 ipils
1862 735 2016 812 quoque
2035 712 2175 788 foliorum

532 848 638 932 vasis
665 856 895 947 competere
915 846 1039 931 solet,
1076 846 1150 922 dr·
1138 868 1180 920 m
1201 846 1509 944 cotyledonibus
1530 845 1781 921 tenuioribus
1802 845 1911 918 omni
1932 852 2095 938 tempore
2113 860 2176 911 eon-

531 976 660 1076 spieua
680 974 790 1059 suut,
819 970 1118 1049 inobeiioribus
1134 996 1257 1057 vero,
1281 994 1355 1072 per
1371 973 1722 1067 geminationem,
1748 969 1813 1047 vel
1834 993 1910 1068 per
1934 969 2088 1062 liquoris
2105 963 2178 1037 colo·

530 1104 606 1177 rati
631 1096 908 1199 injettionem,
931 1098 1105 1177 seniibus
1122 1098 1237 1174 facile
1256 1097 1480 1175 redduntur
1503 1101 1634 1178 obvia

631 1283 843 1362 Numerus
874 1280 1118 1359 constantior
1145 1280 1222 1360 elle
1245 1282 1407 1358 soletur
1436 1281 1786 1380 Cotyledonibus,
1841 1303 1959 1377 quam
1989 1281 2026 1350 in
2048 1273 2113 1348 ulla
2130 1271 2178 1344 aio

530 1408 851 1500 frustificationis
867 1419 1003 1510 parte,
1029 1409 1179 1486 &raro
1198 1410 1333 1485 saltem
1355 1408 1518 1486 variaii'e
1538 1411 1648 1488 viius
1670 1407 1738 1484 est.
1778 1407 1886 1482 Hinc
1904 1399 2178 1499 quoqoemJoa

530 1537 845 1622 nonninus,
871 1536 1129 1614 Horsranus
1150 1534 1190 1611 dr
1204 1537 1289 1621 alii,
1315 1536 1404 1610 suas
1420 1538 1646 1635 plantarum
1666 1532 1879 1609 methodos
1897 1551 2060 1605 numero
2075 1518 2179 1624 potili-

530 1685 641 1739 mum
669 1662 955 1758 cotyledonum
977 1663 1336 1762 superstruxerunt
1360 1671 1480 1757 atque
1507 1662 1756 1758 Vegetabilia
1774 1659 1994 1756 generatim
2019 1656 2055 1726 in
2077 1641 2178 1744 ocoiqlt·

532 1787 660 1872 donem
690 1814 813 1865 mono·
826 1786 934 1863 di&
950 1783 1258 1888 polycotyledonea
1283 1790 1513 1868 diviserunt.
1583 1783 1663 1866 Sed
1686 1789 1773 1864 haec
1796 1783 2013 1863 distributio
2035 1771 2180 1851 nonsatis

530 1934 655 2015 puras
670 1915 841 2011 largitur
860 1913 1084 2013 plantarum
1106 1912 1242 1990 classes
1261 1901 1483 2002 naturales,
1508 1914 1548 1991 dr
1569 1919 1610 1991 in
1624 1910 1865 2014 Carpologia
1878 1931 2034 2007 quoque
2047 1905 2180 1979 suasnon

528 2041 644 2118 leves
658 2041 777 2118 habet
793 2038 1067 2127 difficultates,
1092 2044 1186 2138 quia
1197 2042 1625 2140 veruscotyledonum
1642 2060 1837 2118 numerus
1852 2033 2009 2113 normiii
2020 2032 2061 2107 ab
2073 2031 2180 2104 eventu

529 2190 605 2266 per
623 2169 954 2263 germinationem
980 2178 1089 2243 certo
1109 2168 1224 2252 disci,
1254 2191 1329 2243 nec
1341 2178 1474 2243 tutum
1494 2170 1671 2269 semper,
1697 2191 1753 2243 ex
1769 2164 1849 2241 sola
1861 2149 2179 2256 embryonislahri·

529 2318 592 2378 ca,
617 2294 666 2369 de
686 2292 916 2369 futurarum
938 2293 1226 2390 cotyledonum
1249 2315 1427 2370 numero
1444 2294 1550 2369 ferri
1566 2292 1697 2394 potest
1713 2288 1930 2389 judicium:
1965 2308 2048 2359 nam
2062 2296 2180 2355 exaco-

528 2421 749 2519 tyledoneo
769 2420 941 2502 semine,
965 2420 1103 2518 prodit
1116 2419 1354 2516 quandoque
1370 2422 1554 2521 plantula
1565 2415 1954 2519 polycotyledonea,
1985 2411 2082 2485 utin
2098 2399 2179 2477 Mus·

528 2551 605 2649 9⁹83
640 2571 696 2622 ex
713 2542 1128 2642 monocotyiedoneo,
1156 2555 1372 2641 emergunt
1391 2569 1680 2644 nonnunquam
1701 2547 1872 2645 plantae,
1905 2550 1989 2616 tota
2006 2537 2064 2610 lua
2081 2538 2181 2606 natura

529 2672 878 2769 dicotyledonibus
898 2670 1065 2755 affines,
1083 2675 1186 2747 utin
1203 2672 1382 2748 Cuscuta
1400 2672 1439 2747 δι
1455 2669 1700 2756 Melocadt03
1724 2668 1765 2745 dt
1786 2693 1842 2744 ex
1865 2666 2011 2742 semine
2030 2647 2179 2736 manifeste

530 2785 837 2896 dicotyledoneo
860 2794 1022 2894 poffirnt
1041 2797 1145 2896 saepe
1166 2799 1315 2896 plantae
1333 2802 1568 2897 prognasci,
1591 2801 1710 2873 unico
1732 2797 1934 2873 duntaxat
1957 2787 2080 2864 foiioio
2101 2787 2180 2869 coty-

528 2926 696 3002 ledoneo
719 2922 896 3020 stipatae,
928 2930 979 2995 ut
1002 2922 1041 2995 in
1061 2920 1264 3000 Nelumbo
1283 2935 1403 3021 atque
1425 2924 1568 3024 Trapa
1628 2923 1739 2999 Hinc
1763 2929 1902 2996 curate
1921 2902 2192 3007 distinguendum
2227 2921 2228 2924 ¹

530 3053 635 3126 inter
659 3044 884 3146 Cotylcdones
911 3042 1086 3124 involutos
1104 3057 1224 3144 atque
1245 3047 1423 3134 evolutos,
1458 3052 1498 3126 dr
1519 3074 1574 3126 ex
1593 3050 1697 3135 istis,
1729 3070 1930 3123 numerus
1954 3035 2180 3139 cotyledone

529 3171 824 3271 embryonisl.
836 3173 1027 3248 seminis
1017 3194 1057 3249 in
1080 3174 1339 3276 Carpologia,
1382 3202 1440 3253 ex
1460 3178 1523 3253 his
1544 3199 1672 3264 vero
1708 3172 1774 3251 ille
1796 3174 1948 3276 plantae
1967 3151 2182 3248 deauratam

528 3297 776 3406 Phytologia
799 3297 1057 3376 definiendus
1077 3302 1145 3379 est.
1265 3377 1268 3384 ,

541 3480 917 3582 Aroiyledoneam
943 3486 1076 3582 itaque
1097 3486 1213 3588 simeo
1234 3489 1311 3576 ea,
1343 3487 1457 3585 quod
1476 3489 1687 3589 conspicuo
1711 3499 1781 3566 aut
1811 3491 1986 3567 discreto
2010 3481 2183 3567 embrioie

528 3613 657 3698 caret,
691 3611 757 3687 sed
777 3634 930 3686 meram
950 3612 1085 3688 saltem
1109 3615 1370 3691 cicatriculam
1394 3619 1703 3711 germinantem,
1746 3625 1816 3693 aut
1840 3613 2009 3716 simplex
2034 3594 2181 3704 <invidim

526 3736 713 3814 radiculae
729 3738 1025 3823 rudimentum,
1068 3742 1232 3828 nucleo,
1266 3741 1335 3816 fibi
1354 3743 1558 3819 multoties
1575 3738 1717 3839 majori
1742 3746 2034 3843 implantatum,
2054 3734 2143 3824 ,inm
2157 3710 2183 3784 se

527 3867 728 3950 eontinet,
753 3867 860 3939 utin
884 3861 1064 3963 Ruppia,
1089 3863 1275 3959 Zostera,
1299 3864 1453 3952 Zamia,
1483 3866 1627 3955 Fucis,
1661 3867 1822 3947 Muscis
1841 3879 1964 3965 atque
1983 3854 2151 3940 Filicibus
2225 3901 2226 3906 ¹

621 4045 903 4127 Plantaautem
916 4050 1204 4145 acotyledonea
1212 4050 1374 4136 dicitur
1390 4075 1481 4147 quae
1491 4054 1641 4151 absque
1655 4054 1871 4155 praegreilo
1887 4022 2183 4130 verifolioliveffi·

528 4175 606 4267 gio,
619 4173 748 4249 statim
761 4174 1818 4257 frondevaria&matrisoaefimiilinaeterraemicat
1835 4153 2184 4272 Raroejusmodffis·

527 4319 609 4398 pes
614 4323 669 4374 ex
679 4301 1244 4399 seminibusprognascuntur
1261 4306 1334 4381 sed
1329 4306 1800 4403 frequentiusegemmis
1810 4295 2078 4420 iimplicibuss
2088 4298 2184 4377 carpo

527 4423 711 4522 morphis
724 4431 1039 4522 progerminant,
1054 4438 1109 4503 ut
1115 4427 1270 4527 Fungi
1287 4429 1501 4525 Limenes,
1520 4431 1742 4510 Confervae
1762 4389 2182 4527 &airaequaedamfflir
2223 4493 2224 4504 ,

625 4605 838 4708 Monoooiyl
835 4606 993 4684 idoneum
1009 4606 1134 4708 semen·
1147 4612 1220 4697 est,
1246 4614 1360 4709 quod
1366 4617 1632 4711 embryonem
1656 4619 1980 4712 integerrimum,
2013 4602 2108 4684 nulla
2122 4591 2224 4689 per

525 4732 698 4830 ceptibili
724 4734 825 4807 rima
848 4734 1028 4817 incisum,
1053 4758 1235 4832 eumque
1247 4740 1316 4815 vel
1335 4745 1496 4837 penitus
1513 4742 1700 4827 liberum,
1727 4745 1804 4819 vel
1820 4751 1930 4817 certe
1951 4740 2016 4814 sua
2036 4731 2182 4808 exuent·

523 4868 605 4932 nate
628 4858 815 4934 radiculae
839 4860 1019 4959 opposta
1043 4867 1252 4960 areirquo
1262 4867 1406 4944 nucleo
1431 4866 1621 4956 solutum,
1655 4873 1759 4944 intra
1784 4869 1823 4944 se
1838 4865 1989 4943 claudit
2043 4837 2224 4946 D⁰P¹¹⁶¹⁵

523 4987 685 5080 generis
704 4985 795 5060 sunt
815 4985 903 5062 haee
922 4987 1089 5074 semina,
1112 5012 1260 5091 nempe

2064 5083 2182 5156 monold'
2221 5155 2223 5204 Ι
