4567 5959
785 548 1091 608 π
1587 539 1787 598 LXXXVII
1828 558 1831 565 ’

180 756 430 836 Extenfione
451 757 518 831 seu
541 755 788 852 integritate:
813 758 921 833 unde
940 760 1047 855 septa
1070 751 1282 852 completas.
1307 755 1584 847 integerrima,
1614 779 1706 852 quae
1731 782 1791 832 ca·

92 890 230 965 vitares
249 884 425 958 formant
448 881 623 975 undique
646 883 812 968 clausas,
849 905 926 956 nec
951 887 1055 957 inter
1082 883 1119 956 se
1153 883 1505 955 communicantes.
1556 882 1790 981 Iacomplrta,

94 1036 177 1109 quae
191 1020 282 1084 ante
298 1020 451 1108 partem
470 1006 537 1080 fibi
559 1008 778 1107 oppositam
799 1008 1004 1093 deficiunt3
1030 1008 1069 1082 δι
1092 1008 1251 1101 quidem
1274 1005 1428 1081 defectu
1450 1008 1518 1083 vel
1536 1009 1722 1083 naturali:
1751 1014 1793 1085 in

93 1138 376 1220 Androsaemo,
401 1133 623 1217 Parnaffia,
644 1131 894 1219 Stramonio,
924 1135 1137 1233 Juglande,
1164 1132 1391 1232 Papavere‚
1418 1137 1486 1228 qui
1503 1132 1658 1209 fruitus
1681 1138 1792 1209 omni

94 1276 268 1362 tempore
288 1260 580 1336 semiloculares
603 1261 710 1347 sunt3
737 1259 804 1338 vel
822 1262 1080 1335 accidentali:
1103 1263 1142 1333 in
1157 1259 1387 1357 Martynia‚
1413 1255 1649 1357 saponaria,
1688 1260 1791 1337 Sile-

95 1413 158 1473 ne,
184 1389 394 1482 inquibus
418 1407 514 1484 pars
536 1386 897 1487 diffepimentorum
927 1411 1001 1487 per
1035 1390 1303 1463 maturitatem
1329 1387 1552 1464 obsolescit,
1574 1399 1621 1462 ut
1644 1389 1791 1463 locula-

96 1524 218 1590 menta
240 1512 456 1590 videantur
475 1514 723 1612 incompleta.
772 1514 987 1613 Persarum,
1018 1538 1109 1610 quae
1129 1517 1239 1590 hiatu
1262 1518 1302 1588 in
1325 1514 1454 1590 medio
1474 1513 1603 1587 excisa
1620 1515 1726 1589 lunt:
1753 1517 1793 1589 in

96 1639 319 1735 saxifraga,
346 1639 593 1724 Heucheria,
620 1640 890 1737 Hydrangea‚
915 1641 1115 1717 Gesneria.
1165 1642 1335 1724 Partito,
1359 1663 1454 1734 quae
1475 1639 1522 1714 ad
1544 1664 1664 1715 axem
1686 1641 1794 1715 fruc-

95 1778 157 1843 tus
174 1768 300 1842 soluta
315 1767 353 1841 &
367 1764 475 1861 quafi
499 1763 731 1842 ssuttuantia
746 1771 854 1844 sunt:
881 1771 921 1842 in
935 1768 1106 1868 Jasrone,
1136 1770 1321 1844 Besleria
1346 1763 1461 1863 hatra,
1486 1766 1627 1841 Asaro.

183 1983 423 2058 Insertione:
448 1980 555 2057 unde
569 1977 692 2082 Septa
705 1983 899 2070 ventraiia,
925 2007 1015 2080 quae
1033 1985 1163 2060 medio
1185 1984 1442 2061 valvularum
1461 1985 1598 2060 ventri
1620 1981 1795 2078 longitu-

97 2112 273 2186 dinaliter
296 2111 438 2185 inserta
453 2110 559 2184 sunt:
586 2113 626 2184 in
650 2110 755 2186 Iride
773 2113 812 2187 ὅ(
842 2114 1064 2187 innumeris
1086 2111 1182 2189 aliis.
1234 2108 1478 2207 Margania,
1505 2132 1596 2204 quae
1610 2111 1658 2183 ab
1682 2109 1796 2184 infle-

98 2240 158 2313 xis
175 2234 429 2312 valvuiarum
451 2239 698 2330 marginibus
716 2239 1020 2336 proficiscuntur
1037 2238 1245 2335 &semper
1265 2234 1461 2334 duplicata,
1487 2235 1552 2308 seu
1575 2259 1630 2308 ex
1646 2235 1801 2309 duabus-

96 2364 243 2437 laminis
263 2364 468 2456 contiguis
482 2362 653 2437 formata
673 2365 789 2438 sunt:
814 2366 853 2437 in
875 2362 1075 2450 Gloriosa,
1111 2362 1303 2461 Capraria
1328 2362 1368 2436 δι
1388 2362 1572 2434 omnibus
1603 2358 1798 2434 frutribus

97 2489 240 2563 Iobatis.
294 2487 531 2572 Interamnia,
557 2510 648 2583 quae
671 2491 926 2589 receptaculo
953 2493 1145 2566 seminum
1169 2490 1396 2570 communi„
1416 2486 1508 2585 ipfis
1534 2486 1709 2563 valvulis
1737 2490 1798 2559 in-

97 2612 280 2710 terjesto‚
308 2616 452 2690 inserta
472 2615 589 2689 sunt:
618 2619 657 2689 in
672 2615 891 2713 Bignonia,
917 2617 1102 2699 Glaucio,
1133 2610 1339 2707 Siliquofis
1358 2614 1572 2712 plerisque.

185 2822 444 2929 Direftione:
478 2823 585 2900 unde
614 2827 711 2920 alia,
757 2826 890 2905 valvis
920 2824 1067 2902 diretie
1090 2824 1295 2923 oppoflta:
1320 2825 1359 2895 in
1381 2821 1557 2922 Jusfiaea,
1591 2820 1803 2920 Epilobio,.

99 2949 273 3046 Phloge;
316 2951 390 3023 alia
416 2974 539 3036 vero,
561 2954 600 3055 in
623 2954 723 3049 ipsas
735 2955 891 3030 suturas
907 2955 1138 3048 vergentia:
1166 2953 1205 3023 in
1221 2948 1360 3044 Erica,
1385 2945 1592 3049 Capraria,
1619 2949 1800 3026 Convol-

101 3078 212 3164 vulo,
236 3075 433 3163 Cedrela,
460 3074 689 3156 Swietenia.

187 3259 415 3335 Posrtione:
439 3261 549 3337 unde
572 3261 775 3349 verticalis,
806 3287 899 3359 qnae
914 3265 1091 3338 omnium
1125 3256 1417 3355 vulgatissima3
1444 3258 1483 3335 ὅ(
1507 3256 1804 3359 transversaliass

101 3382 359 3472 iurizoatalia,
385 3409 476 3481 quae
490 3384 768 3482 Leguminofis
787 3388 1028 3488 potissimum
1056 3388 1230 3466 concessa
1251 3386 1350 3460 sunt.

189 3568 530 3645 coordinatione:
553 3571 660 3646 unde
673 3573 753 3659 alia,
763 3574 870 3672 septa
891 3575 1077 3648 dicuntur
1092 3573 1226 3650 valvis
1245 3564 1439 3668 parallelo:
1464 3567 1503 3642 &
1517 3568 1610 3662 alia,
1640 3572 1699 3643 eis
1723 3597 1802 3647 con·

102 3697 224 3771 traria.
275 3695 351 3771 Illa
363 3705 596 3793 emergunt,
620 3698 750 3792 quado
774 3699 942 3774 latitudo
967 3700 1252 3798 diffepimenti,
1277 3696 1466 3770 maximae
1488 3690 1641 3768 fruitus
1667 3695 1801 3769 latitu-

102 3819 359 3917 diniaequalis
383 3823 457 3899 est:
474 3825 512 3895 in
540 3821 736 3910 Lunaria,
761 3825 915 3911 Draba,
937 3825 1108 3922 Alyss'o,
1138 3821 1397 3900 Cheirantho.
1447 3817 1705 3896 Contrarium
1729 3844 1802 3900 ve·

102 3969 144 4019 ro
154 3949 310 4046 septum
327 3950 526 4033 censetur,
550 3944 664 4042 cujus
683 3952 870 4045 latitudo,
896 3957 1096 4027 minorem
1112 3952 1248 4027 saltem
1270 3946 1427 4025 fruetus
1445 3947 1681 4022 diametrum
1704 3972 1802 4027 exe·

103 4085 208 4166 quat:
235 4078 278 4148 in
296 4072 481 4173 Thlaspi‚
505 4073 679 4159 Iberide,
704 4076 893 4175 Lepidm,
920 4077 1142 4152 Biscutella.

192 4257 355 4333 Praeter
377 4258 450 4333 has
474 4257 610 4333 varias
633 4259 965 4355 modificationes,
989 4261 1093 4359 saepe
1116 4281 1278 4355 quoque
1305 4255 1573 4355 diffepimenta
1601 4277 1676 4354 pro
1702 4281 1805 4335 com·

105 4386 210 4457 muni
224 4386 477 4482 receptaculo
492 4385 705 4459 seminibus
717 4385 960 4473 inserviunt,
985 4410 1076 4482 quae
1090 4385 1310 4484 praesertim
1327 4405 1468 4459 eorum
1485 4385 1664 4456 interiori
1685 4394 1804 4480 atque

107 4512 169 4581 axi
183 4513 374 4608 proximo
392 4513 563 4605 margini
583 4512 698 4585 inseri
713 4511 858 4598 solent3
883 4514 948 4589 sed
964 4514 1090 4591 dehis
1113 4513 1216 4586 infra
1228 4513 1357 4586 sermo
1379 4513 1475 4597 erit,
1503 4509 1709 4610 postquam
1719 4512 1806 4611 spe·

109 4637 305 4714 cialiorem
324 4639 580 4737 oontemplati
595 4637 793 4714 fuerimus
804 4637 1006 4716 fruetuum
1027 4640 1405 4717 conformationem.»
