4567 5959
520 539 694 597 extum
941 541 946 548 '
1211 537 1517 596 ...Ξ-Ξ

520 755 603 832 urla
632 746 808 831 seminali
837 743 1083 823 exhaurirIri
1115 749 1237 839 atque
1259 742 1385 820 deleri
1413 743 1622 821 videmus:
1655 742 1763 820 unde
1788 741 1949 840 quidem
1971 742 2186 824 luculentiss-

520 903 650 961 mum,
676 876 782 973 quod
799 897 932 970 neque
952 871 1002 948 ad
1021 870 1304 967 cotyledones,
1329 893 1461 967 neque
1479 871 1528 946 ad
1546 869 1730 945 albumen
1750 873 1882 946 nuclei
1898 871 1957 947 isti
1975 871 2106 950 referri
2118 896 2186 967 que·

522 1017 608 1093 ant,
653 1004 717 1080 sed
739 1001 847 1099 quod
872 998 1105 1076 intermedia
1129 997 1299 1093 quadam
1319 997 1359 1074 dr
1380 1021 1439 1073 ex
1457 997 1643 1093 utrisque
1662 997 1821 1075 mixta,
1861 1003 1885 1076 i.
1909 1023 1944 1075 e.
1968 1022 2064 1078 vera
2083 998 2188 1078 Vitelli

520 1135 719 1234 gaudeant
741 1136 896 1206 natura.
954 1181 957 1186 «
1119 1133 1128 1154 ’

536 1427 544 1436 ,
620 1347 868 1430 Evidentior
886 1342 943 1422 est
966 1339 1087 1441 hujus
1103 1346 1273 1422 visceris
1294 1340 1460 1427 fabrica,
1498 1342 1649 1439 &quae
1677 1342 1922 1442 praecedenti
1949 1366 2100 1443 quoque
2114 1340 2189 1418 haul

521 1500 665 1581 parum
684 1475 787 1549 lucis
810 1470 1008 1557 affundat,
1034 1472 1074 1546 in
1088 1470 1250 1570 Ruppia
1264 1482 1384 1566 atque
1399 1465 1555 1555 Zamia,
1581 1492 1706 1564 quum
1722 1473 1762 1544 in
1782 1471 1847 1546 his
1865 1473 2076 1566 grandiora
2092 1468 2189 1543 omnia

523 1604 564 1679 dr
590 1603 669 1703 ipsa
693 1620 855 1696 quoque
875 1596 1015 1676 Vitelli
1038 1595 1166 1692 ligna,
1201 1599 1252 1674 ob
1281 1597 1518 1697 praesentem
1535 1597 1580 1669 in
1597 1599 1744 1675 semine
1766 1596 1982 1673 radiculam
2000 1598 2189 1673 discretam,

522 1730 650 1823 magis
679 1735 787 1802 certa
811 1724 852 1799 ὃ(
879 1722 1086 1822 conspicua
1108 1722 1195 1824 sint.
1263 1723 1309 1799 Io
1328 1724 1489 1825 Ruppia
1516 1727 1730 1810 nimirum,
1760 1726 1930 1802 nucleus
1949 1697 2103 1800 carnoso
2117 1718 2190 1793 albu·

524 1855 621 1929 mini
638 1850 858 1927 fimilltmus
880 1847 920 1923 δι
944 1858 1057 1926 totus
1080 1873 1260 1947 quoque,
1301 1860 1348 1926 ut
1367 1853 1405 1924 in
1424 1851 1763 1948 praecedentibus,
1788 1849 1938 1926 solidus
1954 1852 2034 1937 est;
2064 1846 2189 1923 sedloco

522 1979 708 2079 simplicis
732 1973 999 2060 Cicatriculae,
1029 1971 1110 2071 jam
1133 1973 1218 2072 jam
1248 1975 1420 2052 formata
1440 1978 1547 2070 intra
1569 1977 1707 2054 testam
1728 1974 1970 2073 conspicitur
1988 1972 2190 2051 radiculate

523 2109 599 2181 reti
616 2152 630 2165 -
648 2104 889 2186 acuminata,
921 2123 1012 2195 quae
1035 2103 1099 2176 sua
1120 2104 1247 2179 altera
1266 2107 1525 2180 extremitate
1545 2107 1708 2204 penitus
1727 2103 1853 2178 libera
1878 2101 2063 2176 &soluta
2075 2101 2110 2173 in
2126 2116 2191 2195 pru

522 2234 613 2332 prio
634 2226 759 2313 sulco,
788 2229 931 2303 vertici
946 2228 1076 2303 nuclei
1103 2229 1306 2327 inscripto,
1334 2230 1494 2323 oblique
1508 2229 1727 2316 decumbit,
1757 2231 1882 2305 altera
1903 2226 1945 2302 δι
1963 2225 2191 2302 crallioreau·

522 2369 603 2434 tem
619 2377 709 2432 cum
730 2351 809 2452 ipsa
834 2350 967 2427 nuclei
991 2350 1203 2428 substantia
1222 2355 1320 2430 adeo
1341 2358 1478 2430 intime
1501 2353 1642 2430 coalita
1662 2356 1738 2441 est,
1772 2365 1820 2430 ut
1840 2355 1887 2429 ab
1906 2354 1988 2454 ipsa
2003 2355 2072 2430 hac
2087 2343 2191 2447 copull

521 2481 768 2559 luculentum
790 2477 927 2558 Vitelli
946 2476 1101 2573 lignum
1123 2477 1182 2554 isti
1207 2487 1351 2557 nucleo
1376 2485 1638 2580 imprimatur.
1694 2479 1742 2554 ln
1766 2477 1925 2566 Zamia,
1965 2483 2087 2558 adhuc
2104 2468 2192 2568 majo

521 2631 607 2686 rem
639 2607 851 2683 albuminis
871 2601 1165 2679 similitudinem
1184 2628 1272 2704 prae
1293 2606 1331 2682 se
1354 2607 1437 2682 sert
1451 2605 1644 2691 Vitellus,
1670 2607 1768 2682 'cum
1793 2607 1841 2682 ad
1863 2607 1967 2684 duas
1986 2610 2115 2685 tertias
2129 2603 2191 2674 lon·

522 2736 712 2831 gitudinis
732 2733 814 2809 suae
834 2739 971 2830 partes
997 2728 1195 2807 foramine
1220 2732 1525 2830 perterebratus
1545 2730 1594 2807 srt
1612 2742 1733 2827 atque
1754 2734 1859 2809 intra
1887 2726 2190 2830 huncffistulosm

523 2861 699 2935 canalem
723 2856 939 2932 radiculam
961 2864 1077 2950 gerat
1098 2856 1287 2950 longam,
1321 2856 1543 2935 flexuosam
1575 2867 1696 2955 atque
1724 2860 2012 2958 capitellatam;
2048 2856 2106 2936 sed
2128 2846 2192 2944 quil

523 2987 602 3086 ipsa
623 2986 711 3059 haec
727 2969 923 3066 radicula,
950 3003 974 3054 a
992 2981 1199 3080 superiore
1226 2991 1383 3060 tantum
1405 2984 1471 3061 sua
1494 2994 1611 3083 parte
1635 2985 1775 3071 libera,
1801 2986 1850 3062 ab
1868 2985 2061 3061 inferiore
2078 2986 2191 3054 auten.

523 3134 616 3188 cum
646 3110 790 3185 nucleo
812 3109 950 3182 intime
973 3108 1176 3184 commista
1197 3108 1239 3183 dr
1262 3113 1301 3185 in
1323 3133 1450 3186 unum
1475 3131 1625 3212 corpus
1646 3121 1816 3186 connata
1845 3111 1921 3188 est:
1961 3114 2048 3189 ideo
2071 3120 2192 3204 quoque

523 3262 609 3316 non
627 3237 754 3324 aliud,
790 3257 910 3333 quam
928 3231 1066 3311 Vitelli
1092 3257 1241 3311 nomen
1262 3234 1302 3311 dt
1320 3233 1499 3312 officium
1522 3236 1666 3314 nucleo
1686 3248 1918 3338 competere
1941 3237 2066 3339 polle,
2100 3227 2192 3331 palm

524 3351 591 3442 est.
640 3363 712 3441 Ex
730 3362 919 3458 smgulari
934 3360 1010 3434 hac
1025 3359 1188 3446 fabrica,
1215 3371 1415 3459 praeterea
1432 3344 1550 3438 etiam
1570 3360 1737 3438 dilucide
1753 3363 2010 3461 perspicitur,
2035 3348 2192 3455 quomodo
2241 3409 2242 3412 a

523 3481 692 3591 simplex
706 3487 942 3565 Cicatricula
959 3485 1191 3581 germinans
1213 3486 1351 3561 sensim
1371 3490 1412 3561 in
1433 3487 1701 3584 embryonem
1724 3490 2011 3587 incompletum
2037 3477 2192 3561 transfor·
2241 3479 2242 3514 ¹

522 3627 678 3702 metum
702 3613 743 3691 δι
761 3612 878 3693 valde
891 3609 1150 3689 memorabile
1170 3612 1245 3699 est,
1286 3612 1394 3709 quod
1413 3613 1482 3689 ista
1501 3614 1837 3714 metamorphosis
1851 3616 1892 3689 in
1912 3613 2116 3690 seminibus
2132 3622 2194 3678 corr

521 3735 637 3828 tinuo
657 3744 791 3819 locum
808 3740 969 3823 habeat,
1003 3740 1300 3836 quamprimum
1317 3741 1358 3816 in
1374 3738 1552 3815 masculo
1570 3739 1799 3839 plantarum
1821 3749 2017 3842 apparato
2035 3731 2194 3840 ,indubio-

521 3875 608 3947 tum
624 3870 807 3966 gignitur
825 3865 962 3967 pollen
980 3861 1199 3940 antherale.

526 4109 531 4116 ·
620 4083 669 4159 ln
688 4079 872 4167 Zostera,
898 4077 1193 4182 Ceratoplryllo
1207 4089 1328 4178 atque
1339 4078 1559 4169 Nelumbo,
1584 4104 1668 4159 non
1682 4084 1731 4160 ad
1748 4085 1982 4173 albuminis,
2008 4094 2053 4161 ut
2069 4085 2104 4157 in
2117 4090 2194 4176 prr·
2240 4053 2241 4078 ³

526 4208 779 4295 cedentibus,
818 4207 883 4284 sed
898 4207 1097 4308 potiusad
1115 4229 1231 4285 verae
1250 4207 1504 4304 cotyledonis
1525 4208 1696 4286 sormam
1718 4211 1895 4291 vitellus
1917 4213 2080 4293 accedit,
2105 4204 2196 4279 &ex

479 4391 487 4408 .
524 4335 613 4409 alba
634 4356 754 4409 earne
777 4335 1076 4430 amygdaloidea
1099 4333 1299 4408 formatus
1325 4355 1371 4408 ac
1397 4336 1438 4409 in
1465 4334 1567 4411 duos
1592 4336 1708 4412 lobos
1732 4335 1861 4414 festus
1882 4337 1952 4414 est
2014 4323 2195 4435 [sigillatim

525 4475 628 4537 vcro
653 4462 694 4532 in
714 4455 904 4543 Zostera,
931 4459 1154 4534 lenticulari
1174 4460 1424 4559 compressus
1442 4461 1482 4537 dr
1500 4461 1550 4536 ad
1567 4462 1740 4538 alterum
1759 4464 1866 4539 latus
1885 4483 2019 4559 usque
2040 4458 2085 4534 ad
2106 4463 2194 4527 axem

521 4585 639 4663 fuum
654 4583 893 4659 semibifidus
909 4583 1097 4669 habetur,
1122 4595 1256 4663 cetera
1272 4609 1376 4666 vero
1394 4613 1449 4664 ex
1466 4587 1593 4664 media
1610 4589 1794 4665 loborum
1809 4590 1973 4665 suorum
1986 4572 2196 4664 commissura
2239 4615 2240 4642 2

518 4710 795 4788 uncinulatam
813 4712 968 4810 promit
981 4707 1213 4796 radiculam,
1239 4708 1354 4810 cujus
1372 4716 1612 4791 extremitas
1635 4715 1761 4792 altera
1785 4716 1932 4801 libera,
1957 4715 2080 4790 altera
2094 4710 2195 4781 autem
2238 4687 2239 4724 ³

525 4840 658 4917 medio
679 4838 810 4913 nuclei
834 4839 901 4910 axi
918 4837 1148 4935 implantata
1163 4837 1238 4922 est,
1271 4851 1390 4933 atque
1404 4842 1480 4917 hac
1495 4842 1575 4940 ipsa
1594 4842 1659 4915 soa
1680 4839 1866 4934 singulari
1888 4843 2117 4917 insertione,
2141 4842 2194 4900 ¹¹¹³·

525 4971 655 5047 eleum
674 4985 836 5063 quoque
855 4965 1007 5041 everis
1024 4962 1331 5058 cotyledonibus
1349 4966 1505 5042 abunde
1522 4968 1654 5043 reddit
1667 4965 1902 5043 dillinitum.
1953 4962 2033 5042 Sed
2051 4965 2088 5036 in
2100 4952 2193 5029 Cera·

2043 5071 2194 5184 topbyllo
