<?xml version="1.0" encoding="UTF-8"?>
<!DOCTYPE html PUBLIC "-//W3C//DTD XHTML 1.0 Transitional//EN"
    "http://www.w3.org/TR/xhtml1/DTD/xhtml1-transitional.dtd">
<html xmlns="http://www.w3.org/1999/xhtml" xml:lang="en" lang="en">
 <head>
  <title>
</title>
<meta http-equiv="Content-Type" content="text/html;charset=utf-8" />
  <meta name='ocr-system' content='tesseract 3.04.00' />
  <meta name='ocr-capabilities' content='ocr_page ocr_carea ocr_par ocr_line ocrx_word'/>
</head>
<body>
  <div class='ocr_page' id='page_1' title='image "./defructibusetse00librgoog_0071.png"; bbox 0 0 4567 5959; ppageno 0'>
   <div class='ocr_carea' id='block_1_1' title="bbox 787 512 1844 618">
    <p class='ocr_par' dir='ltr' id='par_1_1' title="bbox 787 512 1844 618">
     <span class='ocr_line' id='line_1_1' title="bbox 787 512 1844 618; baseline 0 -48"><span class='ocrx_word' id='word_1_1' title='bbox 787 512 1093 570; x_wconf 54' lang='lat' dir='ltr'><strong>m</strong></span> <span class='ocrx_word' id='word_1_2' title='bbox 1734 533 1844 618; x_wconf 32' lang='lat' dir='ltr'><strong>gv·</strong></span> 
     </span>
    </p>
   </div>
   <div class='ocr_carea' id='block_1_2' title="bbox 88 714 1797 4490">
    <p class='ocr_par' dir='ltr' id='par_1_2' title="bbox 88 714 1797 4490">
     <span class='ocr_line' id='line_1_2' title="bbox 104 714 1795 823; baseline -0.012 -17"><span class='ocrx_word' id='word_1_3' title='bbox 104 728 233 807; x_wconf 83' lang='lat' dir='ltr'><strong>habuit</strong></span> <span class='ocrx_word' id='word_1_4' title='bbox 251 731 466 823; x_wconf 85' lang='lat' dir='ltr'><strong>patronos,</strong></span> <span class='ocrx_word' id='word_1_5' title='bbox 491 719 559 812; x_wconf 92' lang='lat' dir='ltr'><strong>qui</strong></span> <span class='ocrx_word' id='word_1_6' title='bbox 578 735 665 806; x_wconf 82' lang='lat' dir='ltr'><strong>eam</strong></span> <span class='ocrx_word' id='word_1_7' title='bbox 683 714 916 792; x_wconf 82' lang='lat' dir='ltr'><strong>illustrarint</strong></span> <span class='ocrx_word' id='word_1_8' title='bbox 935 715 1211 815; x_wconf 85' lang='lat' dir='ltr'><strong>&amp;praesertim</strong></span> <span class='ocrx_word' id='word_1_9' title='bbox 1235 717 1275 790; x_wconf 94' lang='lat' dir='ltr'><strong>in</strong></span> <span class='ocrx_word' id='word_1_10' title='bbox 1292 714 1507 810; x_wconf 73' lang='lat' dir='ltr'>vegetabili</span> <span class='ocrx_word' id='word_1_11' title='bbox 1528 731 1656 813; x_wconf 82' lang='lat' dir='ltr'><strong>regno</strong></span> <span class='ocrx_word' id='word_1_12' title='bbox 1673 739 1795 816; x_wconf 54' lang='lat' dir='ltr'><strong>egre„-v</strong></span> 
     </span>
     <span class='ocr_line' id='line_1_3' title="bbox 102 841 1795 953; baseline -0.002 -24"><span class='ocrx_word' id='word_1_13' title='bbox 102 859 172 953; x_wconf 77' lang='lat' dir='ltr'><strong>giis</strong></span> <span class='ocrx_word' id='word_1_14' title='bbox 195 849 497 927; x_wconf 86' lang='lat' dir='ltr'><strong>corroborarint</strong></span> <span class='ocrx_word' id='word_1_15' title='bbox 511 845 825 942; x_wconf 83' lang='lat' dir='ltr'><strong>experimentis;</strong></span> <span class='ocrx_word' id='word_1_16' title='bbox 851 846 1036 939; x_wconf 86' lang='lat' dir='ltr'><strong>quamvis</strong></span> <span class='ocrx_word' id='word_1_17' title='bbox 1057 848 1177 920; x_wconf 90' lang='lat' dir='ltr'><strong>etiam</strong></span> <span class='ocrx_word' id='word_1_18' title='bbox 1193 864 1274 917; x_wconf 91' lang='lat' dir='ltr'><strong>non</strong></span> <span class='ocrx_word' id='word_1_19' title='bbox 1295 841 1495 919; x_wconf 85' lang='lat' dir='ltr'><strong>defuerint</strong></span> <span class='ocrx_word' id='word_1_20' title='bbox 1512 844 1594 939; x_wconf 84' lang='lat' dir='ltr'><strong>aiii,</strong></span> <span class='ocrx_word' id='word_1_21' title='bbox 1619 849 1687 941; x_wconf 92' lang='lat' dir='ltr'><strong>qui</strong></span> <span class='ocrx_word' id='word_1_22' title='bbox 1701 872 1795 926; x_wconf 81' lang='lat' dir='ltr'><strong>eam</strong></span> 
     </span>
     <span class='ocr_line' id='line_1_4' title="bbox 102 969 1797 1074; baseline -0.002 -17"><span class='ocrx_word' id='word_1_23' title='bbox 102 982 222 1061; x_wconf 82' lang='lat' dir='ltr'><strong>uariis</strong></span> <span class='ocrx_word' id='word_1_24' title='bbox 247 975 520 1074; x_wconf 71' lang='lat' dir='ltr'><strong>impugnarint</strong></span> <span class='ocrx_word' id='word_1_25' title='bbox 536 971 675 1047; x_wconf 89' lang='lat' dir='ltr'><strong>dubiis.</strong></span> <span class='ocrx_word' id='word_1_26' title='bbox 725 969 803 1064; x_wconf 86' lang='lat' dir='ltr'><strong>Ita,</strong></span> <span class='ocrx_word' id='word_1_27' title='bbox 830 980 880 1047; x_wconf 92' lang='lat' dir='ltr'><strong>ut</strong></span> <span class='ocrx_word' id='word_1_28' title='bbox 899 994 1005 1046; x_wconf 89' lang='lat' dir='ltr'><strong>nunc</strong></span> <span class='ocrx_word' id='word_1_29' title='bbox 1026 972 1184 1048; x_wconf 86' lang='lat' dir='ltr'><strong>leviora</strong></span> <span class='ocrx_word' id='word_1_30' title='bbox 1206 971 1410 1063; x_wconf 79' lang='lat' dir='ltr'><strong>sileamus,</strong></span> <span class='ocrx_word' id='word_1_31' title='bbox 1444 971 1522 1045; x_wconf 88' lang='lat' dir='ltr'><strong>hoc</strong></span> <span class='ocrx_word' id='word_1_32' title='bbox 1542 983 1682 1049; x_wconf 79' lang='lat' dir='ltr'><strong>contm</strong></span> <span class='ocrx_word' id='word_1_33' title='bbox 1702 1000 1797 1054; x_wconf 79' lang='lat' dir='ltr'><strong>eam</strong></span> 
     </span>
     <span class='ocr_line' id='line_1_5' title="bbox 102 1097 1795 1201; baseline -0.004 -20"><span class='ocrx_word' id='word_1_34' title='bbox 102 1109 268 1181; x_wconf 87' lang='lat' dir='ltr'><strong>maxime</strong></span> <span class='ocrx_word' id='word_1_35' title='bbox 292 1100 506 1201; x_wconf 86' lang='lat' dir='ltr'><strong>speciosum</strong></span> <span class='ocrx_word' id='word_1_36' title='bbox 526 1112 698 1194; x_wconf 87' lang='lat' dir='ltr'><strong>urgetur</strong></span> <span class='ocrx_word' id='word_1_37' title='bbox 715 1107 1019 1193; x_wconf 79' lang='lat' dir='ltr'><strong>argumentum:</strong></span> <span class='ocrx_word' id='word_1_38' title='bbox 1044 1100 1151 1193; x_wconf 90' lang='lat' dir='ltr'><strong>quod</strong></span> <span class='ocrx_word' id='word_1_39' title='bbox 1179 1120 1309 1193; x_wconf 82' lang='lat' dir='ltr'><strong>neque</strong></span> <span class='ocrx_word' id='word_1_40' title='bbox 1330 1100 1368 1171; x_wconf 93' lang='lat' dir='ltr'><strong>in</strong></span> <span class='ocrx_word' id='word_1_41' title='bbox 1391 1097 1566 1188; x_wconf 85' lang='lat' dir='ltr'><strong>animali,</strong></span> <span class='ocrx_word' id='word_1_42' title='bbox 1601 1120 1730 1196; x_wconf 89' lang='lat' dir='ltr'><strong>neque</strong></span> <span class='ocrx_word' id='word_1_43' title='bbox 1750 1105 1795 1179; x_wconf 80' lang='lat' dir='ltr'><strong>ira</strong></span> 
     </span>
     <span class='ocr_line' id='line_1_6' title="bbox 100 1223 1792 1327; baseline 0 -24"><span class='ocrx_word' id='word_1_44' title='bbox 100 1229 307 1327; x_wconf 81' lang='lat' dir='ltr'><strong>vegetabili</strong></span> <span class='ocrx_word' id='word_1_45' title='bbox 327 1250 455 1321; x_wconf 90' lang='lat' dir='ltr'><strong>regno</strong></span> <span class='ocrx_word' id='word_1_46' title='bbox 473 1226 686 1303; x_wconf 87' lang='lat' dir='ltr'><strong>femineum</strong></span> <span class='ocrx_word' id='word_1_47' title='bbox 706 1227 931 1324; x_wconf 79' lang='lat' dir='ltr'><strong>reperiatur</strong></span> <span class='ocrx_word' id='word_1_48' title='bbox 954 1224 1132 1322; x_wconf 76' lang='lat' dir='ltr'><strong>sperma3</strong></span> <span class='ocrx_word' id='word_1_49' title='bbox 1170 1226 1346 1318; x_wconf 81' lang='lat' dir='ltr'><strong>adeoque</strong></span> <span class='ocrx_word' id='word_1_50' title='bbox 1366 1223 1473 1317; x_wconf 90' lang='lat' dir='ltr'><strong>quod</strong></span> <span class='ocrx_word' id='word_1_51' title='bbox 1498 1224 1620 1322; x_wconf 89' lang='lat' dir='ltr'><strong>ipsum</strong></span> <span class='ocrx_word' id='word_1_52' title='bbox 1647 1224 1792 1303; x_wconf 72' lang='lat' dir='ltr'><strong>aoma-</strong></span> 
     </span>
     <span class='ocr_line' id='line_1_7' title="bbox 100 1346 1792 1449; baseline -0.001 -17"><span class='ocrx_word' id='word_1_53' title='bbox 100 1380 159 1433; x_wconf 79' lang='lat' dir='ltr'><strong>nm</strong></span> <span class='ocrx_word' id='word_1_54' title='bbox 188 1356 492 1430; x_wconf 81' lang='lat' dir='ltr'><strong>fundamentum</strong></span> <span class='ocrx_word' id='word_1_55' title='bbox 522 1354 626 1428; x_wconf 83' lang='lat' dir='ltr'><strong>labat</strong></span> <span class='ocrx_word' id='word_1_56' title='bbox 654 1351 694 1427; x_wconf 72' lang='lat' dir='ltr'><strong>st</strong></span> <span class='ocrx_word' id='word_1_57' title='bbox 724 1357 838 1427; x_wconf 89' lang='lat' dir='ltr'><strong>inane</strong></span> <span class='ocrx_word' id='word_1_58' title='bbox 867 1351 925 1430; x_wconf 80' lang='lat' dir='ltr'><strong>fit</strong></span> <span class='ocrx_word' id='word_1_59' title='bbox 993 1346 1072 1427; x_wconf 89' lang='lat' dir='ltr'><strong>Sed</strong></span> <span class='ocrx_word' id='word_1_60' title='bbox 1089 1350 1178 1426; x_wconf 88' lang='lat' dir='ltr'><strong>heic</strong></span> <span class='ocrx_word' id='word_1_61' title='bbox 1197 1351 1320 1449; x_wconf 86' lang='lat' dir='ltr'><strong>probe</strong></span> <span class='ocrx_word' id='word_1_62' title='bbox 1340 1372 1551 1426; x_wconf 85' lang='lat' dir='ltr'><strong>caveamus</strong></span> <span class='ocrx_word' id='word_1_63' title='bbox 1570 1375 1592 1425; x_wconf 87' lang='lat' dir='ltr'><strong>a</strong></span> <span class='ocrx_word' id='word_1_64' title='bbox 1613 1353 1792 1448; x_wconf 59' lang='lat' dir='ltr'><strong>logonaaa</strong></span> 
     </span>
     <span class='ocr_line' id='line_1_8' title="bbox 100 1463 1794 1579; baseline -0.004 -17"><span class='ocrx_word' id='word_1_65' title='bbox 100 1486 199 1562; x_wconf 81' lang='lat' dir='ltr'><strong>chia:</strong></span> <span class='ocrx_word' id='word_1_66' title='bbox 240 1463 290 1557; x_wconf 71' lang='lat' dir='ltr'><strong>ss</strong></span> <span class='ocrx_word' id='word_1_67' title='bbox 311 1482 386 1557; x_wconf 88' lang='lat' dir='ltr'><strong>scil.</strong></span> <span class='ocrx_word' id='word_1_68' title='bbox 405 1482 486 1555; x_wconf 84' lang='lat' dir='ltr'><strong>tale</strong></span> <span class='ocrx_word' id='word_1_69' title='bbox 510 1491 700 1578; x_wconf 89' lang='lat' dir='ltr'><strong>poscatur</strong></span> <span class='ocrx_word' id='word_1_70' title='bbox 720 1480 876 1578; x_wconf 79' lang='lat' dir='ltr'><strong>sperma</strong></span> <span class='ocrx_word' id='word_1_71' title='bbox 904 1475 1157 1570; x_wconf 80' lang='lat' dir='ltr'><strong>femininum,</strong></span> <span class='ocrx_word' id='word_1_72' title='bbox 1193 1477 1310 1571; x_wconf 83' lang='lat' dir='ltr'><strong>quale</strong></span> <span class='ocrx_word' id='word_1_73' title='bbox 1336 1475 1394 1579; x_wconf 73' lang='lat' dir='ltr'><strong>eit</strong></span> <span class='ocrx_word' id='word_1_74' title='bbox 1417 1479 1654 1565; x_wconf 70' lang='lat' dir='ltr'><strong>masculumr</strong></span> <span class='ocrx_word' id='word_1_75' title='bbox 1697 1492 1794 1556; x_wconf 89' lang='lat' dir='ltr'><strong>tuno</strong></span> 
     </span>
     <span class='ocr_line' id='line_1_9' title="bbox 98 1602 1794 1707; baseline -0.002 -20"><span class='ocrx_word' id='word_1_76' title='bbox 98 1616 228 1707; x_wconf 83' lang='lat' dir='ltr'><strong>utique</strong></span> <span class='ocrx_word' id='word_1_77' title='bbox 253 1605 542 1706; x_wconf 82' lang='lat' dir='ltr'><strong>respondemus</strong></span> <span class='ocrx_word' id='word_1_78' title='bbox 557 1605 677 1698; x_wconf 72' lang='lat' dir='ltr'><strong>„dari</strong></span> <span class='ocrx_word' id='word_1_79' title='bbox 696 1603 870 1680; x_wconf 84' lang='lat' dir='ltr'><strong>nulium:</strong></span> <span class='ocrx_word' id='word_1_80' title='bbox 905 1603 961 1678; x_wconf 86' lang='lat' dir='ltr'><strong>sin</strong></span> <span class='ocrx_word' id='word_1_81' title='bbox 982 1602 1060 1678; x_wconf 82' lang='lat' dir='ltr'><strong>tale</strong></span> <span class='ocrx_word' id='word_1_82' title='bbox 1086 1602 1134 1678; x_wconf 79' lang='lat' dir='ltr'><strong>fit</strong></span> <span class='ocrx_word' id='word_1_83' title='bbox 1151 1603 1456 1687; x_wconf 85' lang='lat' dir='ltr'><strong>admittendum,</strong></span> <span class='ocrx_word' id='word_1_84' title='bbox 1496 1606 1615 1701; x_wconf 88' lang='lat' dir='ltr'><strong>quale</strong></span> <span class='ocrx_word' id='word_1_85' title='bbox 1637 1608 1715 1707; x_wconf 92' lang='lat' dir='ltr'><strong>ipsa</strong></span> <span class='ocrx_word' id='word_1_86' title='bbox 1734 1613 1794 1685; x_wconf 83' lang='lat' dir='ltr'><strong>rei</strong></span> 
     </span>
     <span class='ocr_line' id='line_1_10' title="bbox 97 1729 1793 1835; baseline -0.001 -23"><span class='ocrx_word' id='word_1_87' title='bbox 97 1746 231 1812; x_wconf 79' lang='lat' dir='ltr'><strong>natura</strong></span> <span class='ocrx_word' id='word_1_88' title='bbox 242 1731 663 1833; x_wconf 86' lang='lat' dir='ltr'><strong>poscit&amp;genitalium</strong></span> <span class='ocrx_word' id='word_1_89' title='bbox 674 1733 939 1807; x_wconf 88' lang='lat' dir='ltr'><strong>conformatio</strong></span> <span class='ocrx_word' id='word_1_90' title='bbox 951 1730 1141 1825; x_wconf 83' lang='lat' dir='ltr'><strong>indigitat,</strong></span> <span class='ocrx_word' id='word_1_91' title='bbox 1167 1741 1263 1805; x_wconf 91' lang='lat' dir='ltr'><strong>tunc</strong></span> <span class='ocrx_word' id='word_1_92' title='bbox 1279 1733 1442 1805; x_wconf 88' lang='lat' dir='ltr'><strong>omnino</strong></span> <span class='ocrx_word' id='word_1_93' title='bbox 1460 1729 1675 1808; x_wconf 85' lang='lat' dir='ltr'><strong>femineum</strong></span> <span class='ocrx_word' id='word_1_94' title='bbox 1692 1736 1793 1835; x_wconf 83' lang='lat' dir='ltr'><strong>sper·</strong></span> 
     </span>
     <span class='ocr_line' id='line_1_11' title="bbox 98 1855 1793 1957; baseline 0.001 -20"><span class='ocrx_word' id='word_1_95' title='bbox 98 1883 157 1937; x_wconf 82' lang='lat' dir='ltr'><strong>ma</strong></span> <span class='ocrx_word' id='word_1_96' title='bbox 178 1859 306 1941; x_wconf 86' lang='lat' dir='ltr'><strong>adest,</strong></span> <span class='ocrx_word' id='word_1_97' title='bbox 344 1859 407 1934; x_wconf 84' lang='lat' dir='ltr'><strong>sed</strong></span> <span class='ocrx_word' id='word_1_98' title='bbox 430 1882 455 1931; x_wconf 92' lang='lat' dir='ltr'><strong>a</strong></span> <span class='ocrx_word' id='word_1_99' title='bbox 483 1859 703 1934; x_wconf 88' lang='lat' dir='ltr'><strong>masculino</strong></span> <span class='ocrx_word' id='word_1_100' title='bbox 735 1860 873 1934; x_wconf 85' lang='lat' dir='ltr'><strong>multis</strong></span> <span class='ocrx_word' id='word_1_101' title='bbox 906 1856 1035 1933; x_wconf 90' lang='lat' dir='ltr'><strong>modis</strong></span> <span class='ocrx_word' id='word_1_102' title='bbox 1064 1857 1275 1933; x_wconf 86' lang='lat' dir='ltr'><strong>diversum.</strong></span> <span class='ocrx_word' id='word_1_103' title='bbox 1343 1855 1503 1957; x_wconf 85' lang='lat' dir='ltr'><strong>Nempe</strong></span> <span class='ocrx_word' id='word_1_104' title='bbox 1530 1863 1793 1939; x_wconf 88' lang='lat' dir='ltr'><strong>masculinum</strong></span> 
     </span>
     <span class='ocr_line' id='line_1_12' title="bbox 97 1983 1794 2086; baseline 0 -24"><span class='ocrx_word' id='word_1_105' title='bbox 97 1988 241 2086; x_wconf 83' lang='lat' dir='ltr'><strong>sperma</strong></span> <span class='ocrx_word' id='word_1_106' title='bbox 264 1986 317 2059; x_wconf 87' lang='lat' dir='ltr'><strong>ab</strong></span> <span class='ocrx_word' id='word_1_107' title='bbox 339 1986 503 2080; x_wconf 75' lang='lat' dir='ltr'><strong>organis</strong></span> <span class='ocrx_word' id='word_1_108' title='bbox 525 1985 777 2069; x_wconf 62' lang='lat' dir='ltr'><strong>elaboratum·</strong></span> <span class='ocrx_word' id='word_1_109' title='bbox 801 1984 894 2060; x_wconf 90' lang='lat' dir='ltr'><strong>huic</strong></span> <span class='ocrx_word' id='word_1_110' title='bbox 916 1984 985 2059; x_wconf 91' lang='lat' dir='ltr'><strong>soli</strong></span> <span class='ocrx_word' id='word_1_111' title='bbox 1006 1986 1164 2059; x_wconf 88' lang='lat' dir='ltr'><strong>muneri</strong></span> <span class='ocrx_word' id='word_1_112' title='bbox 1190 1984 1346 2068; x_wconf 88' lang='lat' dir='ltr'><strong>dicatis,</strong></span> <span class='ocrx_word' id='word_1_113' title='bbox 1379 2005 1503 2078; x_wconf 90' lang='lat' dir='ltr'><strong>quare</strong></span> <span class='ocrx_word' id='word_1_114' title='bbox 1522 1983 1738 2083; x_wconf 70' lang='lat' dir='ltr'><strong>&amp;iurgans</strong></span> <span class='ocrx_word' id='word_1_115' title='bbox 1753 1989 1794 2065; x_wconf 72' lang='lat' dir='ltr'><strong>ba</strong></span> 
     </span>
     <span class='ocr_line' id='line_1_13' title="bbox 96 2110 1794 2213; baseline 0.001 -23"><span class='ocrx_word' id='word_1_116' title='bbox 96 2114 243 2213; x_wconf 84' lang='lat' dir='ltr'><strong>sperma</strong></span> <span class='ocrx_word' id='word_1_117' title='bbox 267 2113 428 2211; x_wconf 83' lang='lat' dir='ltr'><strong>semper</strong></span> <span class='ocrx_word' id='word_1_118' title='bbox 454 2112 504 2186; x_wconf 89' lang='lat' dir='ltr'><strong>ab</strong></span> <span class='ocrx_word' id='word_1_119' title='bbox 527 2112 614 2185; x_wconf 88' lang='lat' dir='ltr'><strong>aliis</strong></span> <span class='ocrx_word' id='word_1_120' title='bbox 639 2111 845 2209; x_wconf 68' lang='lat' dir='ltr'><strong>partibus,</strong></span> <span class='ocrx_word' id='word_1_121' title='bbox 868 2123 1138 2211; x_wconf 83' lang='lat' dir='ltr'><strong>praeterquam</strong></span> <span class='ocrx_word' id='word_1_122' title='bbox 1170 2113 1210 2183; x_wconf 92' lang='lat' dir='ltr'><strong>in</strong></span> <span class='ocrx_word' id='word_1_123' title='bbox 1239 2110 1479 2209; x_wconf 85' lang='lat' dir='ltr'><strong>aphroditis,</strong></span> <span class='ocrx_word' id='word_1_124' title='bbox 1518 2115 1596 2191; x_wconf 86' lang='lat' dir='ltr'><strong>rite</strong></span> <span class='ocrx_word' id='word_1_125' title='bbox 1610 2113 1794 2205; x_wconf 68' lang='lat' dir='ltr'><strong>{distinst‘a</strong></span> 
     </span>
     <span class='ocr_line' id='line_1_14' title="bbox 97 2227 1794 2339; baseline 0.002 -24"><span class='ocrx_word' id='word_1_126' title='bbox 97 2242 196 2334; x_wconf 81' lang='lat' dir='ltr'><strong>sunt3</strong></span> <span class='ocrx_word' id='word_1_127' title='bbox 219 2261 367 2339; x_wconf 85' lang='lat' dir='ltr'><strong>porro,</strong></span> <span class='ocrx_word' id='word_1_128' title='bbox 400 2238 553 2337; x_wconf 84' lang='lat' dir='ltr'><strong>sperma</strong></span> <span class='ocrx_word' id='word_1_129' title='bbox 572 2237 668 2311; x_wconf 88' lang='lat' dir='ltr'><strong>iliud</strong></span> <span class='ocrx_word' id='word_1_130' title='bbox 688 2227 843 2336; x_wconf 85' lang='lat' dir='ltr'><strong>semper</strong></span> <span class='ocrx_word' id='word_1_131' title='bbox 863 2242 1031 2336; x_wconf 91' lang='lat' dir='ltr'><strong>proprio</strong></span> <span class='ocrx_word' id='word_1_132' title='bbox 1061 2239 1208 2334; x_wconf 84' lang='lat' dir='ltr'><strong>gaudet</strong></span> <span class='ocrx_word' id='word_1_133' title='bbox 1230 2239 1486 2323; x_wconf 82' lang='lat' dir='ltr'><strong>diverticulo,</strong></span> <span class='ocrx_word' id='word_1_134' title='bbox 1531 2249 1576 2334; x_wconf 81' lang='lat' dir='ltr'><strong>ut</strong></span> <span class='ocrx_word' id='word_1_135' title='bbox 1598 2240 1638 2313; x_wconf 89' lang='lat' dir='ltr'><strong>in</strong></span> <span class='ocrx_word' id='word_1_136' title='bbox 1664 2242 1794 2319; x_wconf 88' lang='lat' dir='ltr'><strong>casum</strong></span> 
     </span>
     <span class='ocr_line' id='line_1_15' title="bbox 97 2361 1793 2476; baseline 0.001 -35"><span class='ocrx_word' id='word_1_137' title='bbox 97 2377 336 2476; x_wconf 72' lang='lat' dir='ltr'><strong>opportunae</strong></span> <span class='ocrx_word' id='word_1_138' title='bbox 355 2366 511 2464; x_wconf 77' lang='lat' dir='ltr'><strong>copulae</strong></span> <span class='ocrx_word' id='word_1_139' title='bbox 527 2374 708 2462; x_wconf 89' lang='lat' dir='ltr'><strong>paratum</strong></span> <span class='ocrx_word' id='word_1_140' title='bbox 729 2363 792 2447; x_wconf 81' lang='lat' dir='ltr'><strong>tit,</strong></span> <span class='ocrx_word' id='word_1_141' title='bbox 822 2362 862 2439; x_wconf 75' lang='lat' dir='ltr'><strong>u</strong></span> <span class='ocrx_word' id='word_1_142' title='bbox 875 2362 987 2441; x_wconf 84' lang='lat' dir='ltr'><strong>saciie</strong></span> <span class='ocrx_word' id='word_1_143' title='bbox 1005 2365 1053 2441; x_wconf 89' lang='lat' dir='ltr'><strong>de</strong></span> <span class='ocrx_word' id='word_1_144' title='bbox 1067 2383 1148 2439; x_wconf 89' lang='lat' dir='ltr'><strong>uno</strong></span> <span class='ocrx_word' id='word_1_145' title='bbox 1165 2369 1205 2439; x_wconf 86' lang='lat' dir='ltr'><strong>iu</strong></span> <span class='ocrx_word' id='word_1_146' title='bbox 1225 2366 1347 2439; x_wconf 89' lang='lat' dir='ltr'><strong>aliurn</strong></span> <span class='ocrx_word' id='word_1_147' title='bbox 1371 2364 1503 2438; x_wconf 90' lang='lat' dir='ltr'><strong>locum</strong></span> <span class='ocrx_word' id='word_1_148' title='bbox 1527 2361 1644 2463; x_wconf 78' lang='lat' dir='ltr'><strong>possit</strong></span> <span class='ocrx_word' id='word_1_149' title='bbox 1660 2377 1793 2443; x_wconf 68' lang='lat' dir='ltr'><strong>nans·</strong></span> 
     </span>
     <span class='ocr_line' id='line_1_16' title="bbox 97 2485 1792 2590; baseline -0.005 -21"><span class='ocrx_word' id='word_1_150' title='bbox 97 2492 205 2582; x_wconf 79' lang='lat' dir='ltr'><strong>serri3</strong></span> <span class='ocrx_word' id='word_1_151' title='bbox 230 2494 271 2569; x_wconf 74' lang='grc' dir='ltr'><strong>ὅ(</strong></span> <span class='ocrx_word' id='word_1_152' title='bbox 294 2491 466 2585; x_wconf 87' lang='lat' dir='ltr'><strong>denique</strong></span> <span class='ocrx_word' id='word_1_153' title='bbox 483 2493 687 2584; x_wconf 78' lang='lat' dir='ltr'><strong>quantitas</strong></span> <span class='ocrx_word' id='word_1_154' title='bbox 706 2485 796 2586; x_wconf 88' lang='lat' dir='ltr'><strong>ejus</strong></span> <span class='ocrx_word' id='word_1_155' title='bbox 819 2488 975 2590; x_wconf 85' lang='lat' dir='ltr'><strong>semper</strong></span> <span class='ocrx_word' id='word_1_156' title='bbox 1001 2492 1209 2585; x_wconf 86' lang='lat' dir='ltr'><strong>notabilis,</strong></span> <span class='ocrx_word' id='word_1_157' title='bbox 1241 2492 1336 2587; x_wconf 89' lang='lat' dir='ltr'><strong>quin</strong></span> <span class='ocrx_word' id='word_1_158' title='bbox 1363 2488 1601 2585; x_wconf 84' lang='lat' dir='ltr'><strong>largiuscula</strong></span> <span class='ocrx_word' id='word_1_159' title='bbox 1622 2490 1698 2567; x_wconf 85' lang='lat' dir='ltr'><strong>eise</strong></span> <span class='ocrx_word' id='word_1_160' title='bbox 1725 2494 1792 2569; x_wconf 80' lang='lat' dir='ltr'><strong>de.</strong></span> 
     </span>
     <span class='ocr_line' id='line_1_17' title="bbox 97 2616 1792 2718; baseline 0.001 -23"><span class='ocrx_word' id='word_1_161' title='bbox 97 2621 173 2706; x_wconf 88' lang='lat' dir='ltr'><strong>bet,</strong></span> <span class='ocrx_word' id='word_1_162' title='bbox 195 2630 243 2695; x_wconf 90' lang='lat' dir='ltr'><strong>ut</strong></span> <span class='ocrx_word' id='word_1_163' title='bbox 257 2620 448 2717; x_wconf 85' lang='lat' dir='ltr'><strong>repetitis</strong></span> <span class='ocrx_word' id='word_1_164' title='bbox 467 2616 621 2693; x_wconf 88' lang='lat' dir='ltr'><strong>vicibus</strong></span> <span class='ocrx_word' id='word_1_165' title='bbox 645 2616 923 2701; x_wconf 89' lang='lat' dir='ltr'><strong>administrari,</strong></span> <span class='ocrx_word' id='word_1_166' title='bbox 955 2620 1138 2718; x_wconf 89' lang='lat' dir='ltr'><strong>pluribus</strong></span> <span class='ocrx_word' id='word_1_167' title='bbox 1158 2619 1294 2695; x_wconf 84' lang='lat' dir='ltr'><strong>ovolis</strong></span> <span class='ocrx_word' id='word_1_168' title='bbox 1319 2616 1595 2694; x_wconf 90' lang='lat' dir='ltr'><strong>soecundandis</strong></span> <span class='ocrx_word' id='word_1_169' title='bbox 1615 2619 1792 2697; x_wconf 82' lang='lat' dir='ltr'><strong>sufficere</strong></span> 
     </span>
     <span class='ocr_line' id='line_1_18' title="bbox 96 2740 1793 2842; baseline 0 -20"><span class='ocrx_word' id='word_1_170' title='bbox 96 2745 301 2842; x_wconf 80' lang='lat' dir='ltr'><strong>&amp;absque</strong></span> <span class='ocrx_word' id='word_1_171' title='bbox 321 2745 486 2821; x_wconf 90' lang='lat' dir='ltr'><strong>virtutis</strong></span> <span class='ocrx_word' id='word_1_172' title='bbox 507 2742 585 2817; x_wconf 89' lang='lat' dir='ltr'><strong>suae</strong></span> <span class='ocrx_word' id='word_1_173' title='bbox 602 2740 844 2817; x_wconf 88' lang='lat' dir='ltr'><strong>detrimento</strong></span> <span class='ocrx_word' id='word_1_174' title='bbox 861 2765 952 2819; x_wconf 87' lang='lat' dir='ltr'><strong>cum</strong></span> <span class='ocrx_word' id='word_1_175' title='bbox 978 2743 1230 2841; x_wconf 85' lang='lat' dir='ltr'><strong>stigmatis&amp;</strong></span> <span class='ocrx_word' id='word_1_176' title='bbox 1252 2743 1344 2841; x_wconf 85' lang='lat' dir='ltr'><strong>styli</strong></span> <span class='ocrx_word' id='word_1_177' title='bbox 1372 2745 1610 2819; x_wconf 89' lang='lat' dir='ltr'><strong>humoribus</strong></span> <span class='ocrx_word' id='word_1_178' title='bbox 1634 2741 1793 2824; x_wconf 86' lang='lat' dir='ltr'><strong>misceri</strong></span> 
     </span>
     <span class='ocr_line' id='line_1_19' title="bbox 96 2865 1793 2970; baseline 0.001 -22"><span class='ocrx_word' id='word_1_179' title='bbox 96 2884 214 2969; x_wconf 87' lang='lat' dir='ltr'><strong>queat.</strong></span> <span class='ocrx_word' id='word_1_180' title='bbox 265 2871 374 2947; x_wconf 88' lang='lat' dir='ltr'><strong>Haec</strong></span> <span class='ocrx_word' id='word_1_181' title='bbox 394 2869 570 2944; x_wconf 88' lang='lat' dir='ltr'><strong>absolute</strong></span> <span class='ocrx_word' id='word_1_182' title='bbox 592 2865 802 2944; x_wconf 87' lang='lat' dir='ltr'><strong>necessaria</strong></span> <span class='ocrx_word' id='word_1_183' title='bbox 819 2868 910 2945; x_wconf 83' lang='lat' dir='ltr'><strong>ihnt</strong></span> <span class='ocrx_word' id='word_1_184' title='bbox 927 2871 1133 2970; x_wconf 85' lang='lat' dir='ltr'><strong>spermatis</strong></span> <span class='ocrx_word' id='word_1_185' title='bbox 1160 2873 1367 2947; x_wconf 87' lang='lat' dir='ltr'><strong>masculini</strong></span> <span class='ocrx_word' id='word_1_186' title='bbox 1393 2870 1579 2967; x_wconf 80' lang='lat' dir='ltr'><strong>requisita</strong></span> <span class='ocrx_word' id='word_1_187' title='bbox 1600 2876 1638 2948; x_wconf 93' lang='lat' dir='ltr'><strong>in</strong></span> <span class='ocrx_word' id='word_1_188' title='bbox 1664 2879 1793 2950; x_wconf 87' lang='lat' dir='ltr'><strong>omni·</strong></span> 
     </span>
     <span class='ocr_line' id='line_1_20' title="bbox 95 2993 1793 3097; baseline 0.002 -25"><span class='ocrx_word' id='word_1_189' title='bbox 95 2997 163 3073; x_wconf 89' lang='lat' dir='ltr'><strong>bus</strong></span> <span class='ocrx_word' id='word_1_190' title='bbox 184 3000 335 3096; x_wconf 89' lang='lat' dir='ltr'><strong>plantis</strong></span> <span class='ocrx_word' id='word_1_191' title='bbox 362 2993 701 3092; x_wconf 85' lang='lat' dir='ltr'><strong>hermaphroditis</strong></span> <span class='ocrx_word' id='word_1_192' title='bbox 724 3006 843 3091; x_wconf 88' lang='lat' dir='ltr'><strong>atque</strong></span> <span class='ocrx_word' id='word_1_193' title='bbox 874 2998 1134 3096; x_wconf 86' lang='lat' dir='ltr'><strong>androgynis.</strong></span> <span class='ocrx_word' id='word_1_194' title='bbox 1209 2996 1268 3073; x_wconf 90' lang='lat' dir='ltr'><strong>At</strong></span> <span class='ocrx_word' id='word_1_195' title='bbox 1297 3001 1360 3074; x_wconf 90' lang='lat' dir='ltr'><strong>his</strong></span> <span class='ocrx_word' id='word_1_196' title='bbox 1388 3001 1549 3097; x_wconf 87' lang='lat' dir='ltr'><strong>penitus</strong></span> <span class='ocrx_word' id='word_1_197' title='bbox 1572 3003 1793 3076; x_wconf 89' lang='lat' dir='ltr'><strong>contrarias</strong></span> 
     </span>
     <span class='ocr_line' id='line_1_21' title="bbox 95 3120 1795 3224; baseline 0.001 -25"><span class='ocrx_word' id='word_1_198' title='bbox 95 3121 165 3201; x_wconf 85' lang='lat' dir='ltr'><strong>eise</strong></span> <span class='ocrx_word' id='word_1_199' title='bbox 188 3125 338 3201; x_wconf 89' lang='lat' dir='ltr'><strong>debere</strong></span> <span class='ocrx_word' id='word_1_200' title='bbox 369 3120 600 3199; x_wconf 76' lang='lat' dir='ltr'><strong>affeuiones</strong></span> <span class='ocrx_word' id='word_1_201' title='bbox 625 3125 824 3217; x_wconf 74' lang='lat' dir='ltr'><strong>genitura</strong></span> <span class='ocrx_word' id='word_1_202' title='bbox 846 3123 1047 3208; x_wconf 76' lang='lat' dir='ltr'><strong>feminea,</strong></span> <span class='ocrx_word' id='word_1_203' title='bbox 1084 3124 1155 3200; x_wconf 89' lang='lat' dir='ltr'><strong>uel</strong></span> <span class='ocrx_word' id='word_1_204' title='bbox 1182 3127 1259 3224; x_wconf 89' lang='lat' dir='ltr'><strong>ipsa</strong></span> <span class='ocrx_word' id='word_1_205' title='bbox 1284 3127 1386 3200; x_wconf 88' lang='lat' dir='ltr'><strong>ratio</strong></span> <span class='ocrx_word' id='word_1_206' title='bbox 1407 3123 1566 3203; x_wconf 80' lang='lat' dir='ltr'><strong>distitat.</strong></span> <span class='ocrx_word' id='word_1_207' title='bbox 1618 3123 1795 3221; x_wconf 74' lang='lat' dir='ltr'><strong>&#39;Organa</strong></span> 
     </span>
     <span class='ocr_line' id='line_1_22' title="bbox 93 3247 1793 3351; baseline 0.002 -27"><span class='ocrx_word' id='word_1_208' title='bbox 93 3267 230 3351; x_wconf 84' lang='lat' dir='ltr'><strong>nempe</strong></span> <span class='ocrx_word' id='word_1_209' title='bbox 250 3271 347 3347; x_wconf 87' lang='lat' dir='ltr'><strong>quae</strong></span> <span class='ocrx_word' id='word_1_210' title='bbox 368 3267 452 3329; x_wconf 89' lang='lat' dir='ltr'><strong>eam</strong></span> <span class='ocrx_word' id='word_1_211' title='bbox 481 3249 726 3349; x_wconf 87' lang='lat' dir='ltr'><strong>producunt,</strong></span> <span class='ocrx_word' id='word_1_212' title='bbox 766 3267 849 3323; x_wconf 88' lang='lat' dir='ltr'><strong>non</strong></span> <span class='ocrx_word' id='word_1_213' title='bbox 873 3247 1067 3336; x_wconf 86' lang='lat' dir='ltr'><strong>huicihii,</strong></span> <span class='ocrx_word' id='word_1_214' title='bbox 1113 3251 1177 3326; x_wconf 89' lang='lat' dir='ltr'><strong>sed</strong></span> <span class='ocrx_word' id='word_1_215' title='bbox 1204 3252 1243 3327; x_wconf 75' lang='lat' dir='ltr'><strong>dt</strong></span> <span class='ocrx_word' id='word_1_216' title='bbox 1272 3255 1395 3328; x_wconf 87' lang='lat' dir='ltr'><strong>variis</strong></span> <span class='ocrx_word' id='word_1_217' title='bbox 1424 3251 1508 3328; x_wconf 85' lang='lat' dir='ltr'><strong>aliis</strong></span> <span class='ocrx_word' id='word_1_218' title='bbox 1534 3254 1793 3342; x_wconf 66' lang='lat' dir='ltr'><strong>munenibus,</strong></span> 
     </span>
     <span class='ocr_line' id='line_1_23' title="bbox 94 3375 1793 3480; baseline 0.001 -29"><span class='ocrx_word' id='word_1_219' title='bbox 94 3382 362 3480; x_wconf 77' lang='lat' dir='ltr'><strong>conceptioni,</strong></span> <span class='ocrx_word' id='word_1_220' title='bbox 403 3375 610 3472; x_wconf 84' lang='lat' dir='ltr'><strong>gestationi</strong></span> <span class='ocrx_word' id='word_1_221' title='bbox 637 3387 679 3452; x_wconf 86' lang='lat' dir='ltr'><strong>et</strong></span> <span class='ocrx_word' id='word_1_222' title='bbox 702 3377 833 3473; x_wconf 90' lang='lat' dir='ltr'><strong>partui</strong></span> <span class='ocrx_word' id='word_1_223' title='bbox 862 3375 1107 3470; x_wconf 89' lang='lat' dir='ltr'><strong>inserviunt,</strong></span> <span class='ocrx_word' id='word_1_224' title='bbox 1154 3389 1274 3473; x_wconf 89' lang='lat' dir='ltr'><strong>atque</strong></span> <span class='ocrx_word' id='word_1_225' title='bbox 1304 3381 1394 3454; x_wconf 89' lang='lat' dir='ltr'><strong>hinc</strong></span> <span class='ocrx_word' id='word_1_226' title='bbox 1423 3397 1504 3454; x_wconf 89' lang='lat' dir='ltr'><strong>non</strong></span> <span class='ocrx_word' id='word_1_227' title='bbox 1541 3375 1671 3479; x_wconf 84' lang='lat' dir='ltr'><strong>potest</strong></span> <span class='ocrx_word' id='word_1_228' title='bbox 1704 3383 1793 3454; x_wconf 77' lang='lat' dir='ltr'><strong>&#39;non</strong></span> 
     </span>
     <span class='ocr_line' id='line_1_24' title="bbox 93 3497 1793 3605; baseline 0.002 -28"><span class='ocrx_word' id='word_1_229' title='bbox 93 3510 250 3604; x_wconf 85' lang='lat' dir='ltr'><strong>propria</strong></span> <span class='ocrx_word' id='word_1_230' title='bbox 279 3497 389 3581; x_wconf 86' lang='lat' dir='ltr'><strong>istius</strong></span> <span class='ocrx_word' id='word_1_231' title='bbox 410 3505 609 3599; x_wconf 82' lang='lat' dir='ltr'><strong>geniturae</strong></span> <span class='ocrx_word' id='word_1_232' title='bbox 634 3499 790 3578; x_wconf 83' lang='lat' dir='ltr'><strong>officina</strong></span> <span class='ocrx_word' id='word_1_233' title='bbox 810 3502 891 3581; x_wconf 86' lang='lat' dir='ltr'><strong>eise·</strong></span> <span class='ocrx_word' id='word_1_234' title='bbox 910 3501 1080 3577; x_wconf 83' lang='lat' dir='ltr'><strong>abstrusa</strong></span> <span class='ocrx_word' id='word_1_235' title='bbox 1104 3515 1223 3598; x_wconf 86' lang='lat' dir='ltr'><strong>atque</strong></span> <span class='ocrx_word' id='word_1_236' title='bbox 1247 3503 1331 3580; x_wconf 81' lang='lat' dir='ltr'><strong>aitis</strong></span> <span class='ocrx_word' id='word_1_237' title='bbox 1354 3507 1533 3605; x_wconf 89' lang='lat' dir='ltr'><strong>partibus</strong></span> <span class='ocrx_word' id='word_1_238' title='bbox 1554 3511 1793 3589; x_wconf 71' lang='lat' dir='ltr'><strong>intertextat</strong></span> 
     </span>
     <span class='ocr_line' id='line_1_25' title="bbox 92 3628 1793 3729; baseline 0.001 -25"><span class='ocrx_word' id='word_1_239' title='bbox 92 3628 244 3718; x_wconf 82' lang='lat' dir='ltr'><strong>deinde,</strong></span> <span class='ocrx_word' id='word_1_240' title='bbox 282 3632 395 3705; x_wconf 83' lang='lat' dir='ltr'><strong>nulio</strong></span> <span class='ocrx_word' id='word_1_241' title='bbox 414 3630 652 3706; x_wconf 85' lang='lat' dir='ltr'><strong>diverticulo</strong></span> <span class='ocrx_word' id='word_1_242' title='bbox 672 3629 765 3705; x_wconf 87' lang='lat' dir='ltr'><strong>huic</strong></span> <span class='ocrx_word' id='word_1_243' title='bbox 787 3631 972 3729; x_wconf 84' lang='lat' dir='ltr'><strong>spermati</strong></span> <span class='ocrx_word' id='word_1_244' title='bbox 998 3647 1102 3728; x_wconf 88' lang='lat' dir='ltr'><strong>opus</strong></span> <span class='ocrx_word' id='word_1_245' title='bbox 1122 3630 1202 3723; x_wconf 87' lang='lat' dir='ltr'><strong>est,</strong></span> <span class='ocrx_word' id='word_1_246' title='bbox 1249 3653 1339 3706; x_wconf 90' lang='lat' dir='ltr'><strong>nam</strong></span> <span class='ocrx_word' id='word_1_247' title='bbox 1363 3635 1463 3708; x_wconf 89' lang='lat' dir='ltr'><strong>bene</strong></span> <span class='ocrx_word' id='word_1_248' title='bbox 1485 3631 1720 3708; x_wconf 87' lang='lat' dir='ltr'><strong>custoditum</strong></span> <span class='ocrx_word' id='word_1_249' title='bbox 1744 3631 1793 3705; x_wconf 86' lang='lat' dir='ltr'><strong>ab</strong></span> 
     </span>
     <span class='ocr_line' id='line_1_26' title="bbox 94 3753 1793 3856; baseline -0.001 -26"><span class='ocrx_word' id='word_1_250' title='bbox 94 3759 229 3832; x_wconf 87' lang='lat' dir='ltr'><strong>ovario</strong></span> <span class='ocrx_word' id='word_1_251' title='bbox 253 3753 355 3856; x_wconf 89' lang='lat' dir='ltr'><strong>ipso,</strong></span> <span class='ocrx_word' id='word_1_252' title='bbox 387 3775 591 3851; x_wconf 89' lang='lat' dir='ltr'><strong>nunquam</strong></span> <span class='ocrx_word' id='word_1_253' title='bbox 615 3768 735 3831; x_wconf 84' lang='lat' dir='ltr'><strong>extra</strong></span> <span class='ocrx_word' id='word_1_254' title='bbox 755 3757 832 3831; x_wconf 90' lang='lat' dir='ltr'><strong>hoc</strong></span> <span class='ocrx_word' id='word_1_255' title='bbox 851 3760 1016 3851; x_wconf 87' lang='lat' dir='ltr'><strong>migrat,</strong></span> <span class='ocrx_word' id='word_1_256' title='bbox 1056 3757 1118 3831; x_wconf 92' lang='lat' dir='ltr'><strong>sed</strong></span> <span class='ocrx_word' id='word_1_257' title='bbox 1145 3755 1270 3831; x_wconf 87' lang='lat' dir='ltr'><strong>statim</strong></span> <span class='ocrx_word' id='word_1_258' title='bbox 1301 3760 1338 3830; x_wconf 90' lang='lat' dir='ltr'><strong>in</strong></span> <span class='ocrx_word' id='word_1_259' title='bbox 1362 3779 1451 3833; x_wconf 87' lang='lat' dir='ltr'><strong>eum</strong></span> <span class='ocrx_word' id='word_1_260' title='bbox 1480 3759 1609 3832; x_wconf 89' lang='lat' dir='ltr'><strong>iocum</strong></span> <span class='ocrx_word' id='word_1_261' title='bbox 1628 3756 1793 3855; x_wconf 61' lang='lat' dir='ltr'><strong>deponi:</strong></span> 
     </span>
     <span class='ocr_line' id='line_1_27' title="bbox 90 3873 1792 3985; baseline 0.001 -30"><span class='ocrx_word' id='word_1_262' title='bbox 90 3887 172 3969; x_wconf 88' lang='lat' dir='ltr'><strong>tur,</strong></span> <span class='ocrx_word' id='word_1_263' title='bbox 210 3889 249 3958; x_wconf 90' lang='lat' dir='ltr'><strong>in</strong></span> <span class='ocrx_word' id='word_1_264' title='bbox 267 3908 304 3980; x_wconf 79' lang='lat' dir='ltr'><strong>q¹</strong></span> <span class='ocrx_word' id='word_1_265' title='bbox 325 3911 350 3959; x_wconf 91' lang='lat' dir='ltr'><strong>o</strong></span> <span class='ocrx_word' id='word_1_266' title='bbox 373 3885 453 3960; x_wconf 88' lang='lat' dir='ltr'><strong>solo</strong></span> <span class='ocrx_word' id='word_1_267' title='bbox 478 3880 566 3980; x_wconf 88' lang='lat' dir='ltr'><strong>ejus</strong></span> <span class='ocrx_word' id='word_1_268' title='bbox 587 3873 796 3981; x_wconf 88' lang='lat' dir='ltr'><strong>praeseutia</strong></span> <span class='ocrx_word' id='word_1_269' title='bbox 813 3879 1021 3960; x_wconf 72' lang='lat' dir='ltr'><strong>necesaria</strong></span> <span class='ocrx_word' id='word_1_270' title='bbox 1041 3881 1115 3966; x_wconf 85' lang='lat' dir='ltr'><strong>est,</strong></span> <span class='ocrx_word' id='word_1_271' title='bbox 1147 3897 1292 3982; x_wconf 88' lang='lat' dir='ltr'><strong>nempe</strong></span> <span class='ocrx_word' id='word_1_272' title='bbox 1317 3885 1419 3957; x_wconf 84' lang='lat' dir='ltr'><strong>iutra</strong></span> <span class='ocrx_word' id='word_1_273' title='bbox 1447 3885 1614 3959; x_wconf 72' lang='lat' dir='ltr'><strong>curtium</strong></span> <span class='ocrx_word' id='word_1_274' title='bbox 1641 3884 1792 3985; x_wconf 72' lang='lat' dir='ltr'><strong>ipsumt</strong></span> 
     </span>
     <span class='ocr_line' id='line_1_28' title="bbox 90 3988 1793 4108; baseline 0.001 -26"><span class='ocrx_word' id='word_1_275' title='bbox 90 4022 130 4086; x_wconf 88' lang='lat' dir='ltr'><strong>et</strong></span> <span class='ocrx_word' id='word_1_276' title='bbox 149 4014 242 4088; x_wconf 91' lang='lat' dir='ltr'><strong>hinc</strong></span> <span class='ocrx_word' id='word_1_277' title='bbox 267 4011 438 4106; x_wconf 88' lang='lat' dir='ltr'><strong>denique</strong></span> <span class='ocrx_word' id='word_1_278' title='bbox 463 4014 601 4104; x_wconf 87' lang='lat' dir='ltr'><strong>tertio,</strong></span> <span class='ocrx_word' id='word_1_279' title='bbox 627 4012 826 4105; x_wconf 87' lang='lat' dir='ltr'><strong>quantitas</strong></span> <span class='ocrx_word' id='word_1_280' title='bbox 844 4004 952 4104; x_wconf 88' lang='lat' dir='ltr'><strong>ejus,</strong></span> <span class='ocrx_word' id='word_1_281' title='bbox 979 4027 1052 4107; x_wconf 88' lang='lat' dir='ltr'><strong>per</strong></span> <span class='ocrx_word' id='word_1_282' title='bbox 1075 3988 1192 4108; x_wconf 86' lang='lat' dir='ltr'><strong>ipsam</strong></span> <span class='ocrx_word' id='word_1_283' title='bbox 1220 4012 1279 4082; x_wconf 89' lang='lat' dir='ltr'><strong>rei</strong></span> <span class='ocrx_word' id='word_1_284' title='bbox 1299 4023 1501 4103; x_wconf 87' lang='lat' dir='ltr'><strong>naturam,</strong></span> <span class='ocrx_word' id='word_1_285' title='bbox 1539 4007 1638 4086; x_wconf 88' lang='lat' dir='ltr'><strong>haud</strong></span> <span class='ocrx_word' id='word_1_286' title='bbox 1660 4011 1793 4104; x_wconf 70' lang='lat' dir='ltr'><strong>larga,</strong></span> 
     </span>
     <span class='ocr_line' id='line_1_29' title="bbox 89 4131 1793 4236; baseline 0.001 -27"><span class='ocrx_word' id='word_1_287' title='bbox 89 4136 165 4213; x_wconf 87' lang='lat' dir='ltr'><strong>imo</strong></span> <span class='ocrx_word' id='word_1_288' title='bbox 192 4163 245 4215; x_wconf 92' lang='lat' dir='ltr'><strong>ne</strong></span> <span class='ocrx_word' id='word_1_289' title='bbox 268 4135 442 4213; x_wconf 87' lang='lat' dir='ltr'><strong>sensibus</strong></span> <span class='ocrx_word' id='word_1_290' title='bbox 457 4138 614 4232; x_wconf 90' lang='lat' dir='ltr'><strong>quidem</strong></span> <span class='ocrx_word' id='word_1_291' title='bbox 639 4137 910 4236; x_wconf 87' lang='lat' dir='ltr'><strong>perceptibilis</strong></span> <span class='ocrx_word' id='word_1_292' title='bbox 932 4131 1016 4212; x_wconf 85' lang='lat' dir='ltr'><strong>eise&#39;</strong></span> <span class='ocrx_word' id='word_1_293' title='bbox 1028 4136 1177 4236; x_wconf 83' lang='lat' dir='ltr'><strong>potest,</strong></span> <span class='ocrx_word' id='word_1_294' title='bbox 1203 4159 1325 4230; x_wconf 91' lang='lat' dir='ltr'><strong>quum</strong></span> <span class='ocrx_word' id='word_1_295' title='bbox 1349 4157 1442 4210; x_wconf 86' lang='lat' dir='ltr'><strong>raro</strong></span> <span class='ocrx_word' id='word_1_296' title='bbox 1469 4142 1572 4212; x_wconf 91' lang='lat' dir='ltr'><strong>intra</strong></span> <span class='ocrx_word' id='word_1_297' title='bbox 1598 4133 1793 4232; x_wconf 85' lang='lat' dir='ltr'><strong>singulum</strong></span> 
     </span>
     <span class='ocr_line' id='line_1_30' title="bbox 88 4262 1792 4372; baseline 0.001 -36"><span class='ocrx_word' id='word_1_298' title='bbox 88 4267 255 4340; x_wconf 79' lang='lat' dir='ltr'><strong>ovatum</strong></span> <span class='ocrx_word' id='word_1_299' title='bbox 281 4288 363 4341; x_wconf 90' lang='lat' dir='ltr'><strong>uno</strong></span> <span class='ocrx_word' id='word_1_300' title='bbox 391 4266 530 4364; x_wconf 87' lang='lat' dir='ltr'><strong>plures</strong></span> <span class='ocrx_word' id='word_1_301' title='bbox 556 4264 735 4337; x_wconf 87' lang='lat' dir='ltr'><strong>habitent</strong></span> <span class='ocrx_word' id='word_1_302' title='bbox 760 4263 1025 4359; x_wconf 86' lang='lat' dir='ltr'><strong>emhryones,</strong></span> <span class='ocrx_word' id='word_1_303' title='bbox 1070 4272 1190 4372; x_wconf 84' lang='lat' dir='ltr'><strong>atque</strong></span> <span class='ocrx_word' id='word_1_304' title='bbox 1214 4262 1262 4338; x_wconf 82' lang='lat' dir='ltr'><strong>ad</strong></span> <span class='ocrx_word' id='word_1_305' title='bbox 1293 4264 1591 4362; x_wconf 89' lang='lat' dir='ltr'><strong>producendum</strong></span> <span class='ocrx_word' id='word_1_306' title='bbox 1619 4269 1792 4364; x_wconf 87' lang='lat' dir='ltr'><strong>primum</strong></span> 
     </span>
     <span class='ocr_line' id='line_1_31' title="bbox 89 4383 1792 4490; baseline 0.003 -29"><span class='ocrx_word' id='word_1_307' title='bbox 89 4383 181 4465; x_wconf 84' lang='lat' dir='ltr'><strong>illud</strong></span> <span class='ocrx_word' id='word_1_308' title='bbox 208 4388 443 4490; x_wconf 73' lang='lat' dir='ltr'><strong>pundtulum</strong></span> <span class='ocrx_word' id='word_1_309' title='bbox 477 4393 619 4468; x_wconf 90' lang='lat' dir='ltr'><strong>vivum</strong></span> <span class='ocrx_word' id='word_1_310' title='bbox 645 4388 928 4474; x_wconf 79' lang='lat' dir='ltr'><strong>siuedullare,</strong></span> <span class='ocrx_word' id='word_1_311' title='bbox 956 4390 1113 4463; x_wconf 88' lang='lat' dir='ltr'><strong>infinite</strong></span> <span class='ocrx_word' id='word_1_312' title='bbox 1139 4413 1263 4487; x_wconf 86' lang='lat' dir='ltr'><strong>parva</strong></span> <span class='ocrx_word' id='word_1_313' title='bbox 1301 4394 1523 4485; x_wconf 90' lang='lat' dir='ltr'><strong>quantitas,</strong></span> <span class='ocrx_word' id='word_1_314' title='bbox 1575 4393 1642 4466; x_wconf 85' lang='lat' dir='ltr'><strong>vel</strong></span> <span class='ocrx_word' id='word_1_315' title='bbox 1674 4387 1792 4489; x_wconf 79' lang='lat' dir='ltr'><strong>ipsius</strong></span> 
     </span>
    </p>
   </div>
   <div class='ocr_carea' id='block_1_3' title="bbox 88 4514 1794 4721">
    <p class='ocr_par' dir='ltr' id='par_1_3' title="bbox 88 4514 1794 4721">
     <span class='ocr_line' id='line_1_32' title="bbox 88 4514 1794 4618; baseline 0.001 -29"><span class='ocrx_word' id='word_1_316' title='bbox 88 4533 249 4612; x_wconf 89' lang='lat' dir='ltr'><strong>quoque</strong></span> <span class='ocrx_word' id='word_1_317' title='bbox 277 4517 486 4616; x_wconf 90' lang='lat' dir='ltr'><strong>spermatis</strong></span> <span class='ocrx_word' id='word_1_318' title='bbox 506 4514 713 4592; x_wconf 90' lang='lat' dir='ltr'><strong>masculini</strong></span> <span class='ocrx_word' id='word_1_319' title='bbox 739 4518 825 4611; x_wconf 82' lang='grc' dir='ltr'>(ι.)</span> <span class='ocrx_word' id='word_1_320' title='bbox 851 4518 1087 4611; x_wconf 86' lang='lat' dir='ltr'><strong>requiritur,</strong></span> <span class='ocrx_word' id='word_1_321' title='bbox 1113 4518 1165 4590; x_wconf 87' lang='lat' dir='ltr'><strong>ita</strong></span> <span class='ocrx_word' id='word_1_322' title='bbox 1181 4527 1225 4592; x_wconf 92' lang='lat' dir='ltr'><strong>ut</strong></span> <span class='ocrx_word' id='word_1_323' title='bbox 1245 4519 1364 4594; x_wconf 84' lang='lat' dir='ltr'><strong>etiam</strong></span> <span class='ocrx_word' id='word_1_324' title='bbox 1387 4519 1422 4593; x_wconf 94' lang='lat' dir='ltr'><strong>id</strong></span> <span class='ocrx_word' id='word_1_325' title='bbox 1446 4519 1589 4618; x_wconf 88' lang='lat' dir='ltr'><strong>ipsum,</strong></span> <span class='ocrx_word' id='word_1_326' title='bbox 1627 4520 1664 4591; x_wconf 88' lang='lat' dir='ltr'><strong>in</strong></span> <span class='ocrx_word' id='word_1_327' title='bbox 1685 4519 1794 4617; x_wconf 87' lang='lat' dir='ltr'><strong>pian-</strong></span> 
     </span>
     <span class='ocr_line' id='line_1_33' title="bbox 1468 4648 1791 4721; baseline 0.006 -3"><span class='ocrx_word' id='word_1_328' title='bbox 1468 4659 1471 4666; x_wconf 85' lang='lat'>&#39;</span> <span class='ocrx_word' id='word_1_329' title='bbox 1738 4648 1791 4721; x_wconf 86' lang='lat' dir='ltr'><strong>tis</strong></span> 
     </span>
    </p>
   </div>
   <div class='ocr_carea' id='block_1_4' title="bbox 151 4815 1856 5176">
    <p class='ocr_par' dir='ltr' id='par_1_4' title="bbox 151 4815 1856 5176">
     <span class='ocr_line' id='line_1_34' title="bbox 151 4815 1793 4942; baseline 0 -23"><span class='ocrx_word' id='word_1_330' title='bbox 151 4858 260 4941; x_wconf 85' lang='lat' dir='ltr'><strong>1.)1n</strong></span> <span class='ocrx_word' id='word_1_331' title='bbox 282 4863 422 4935; x_wconf 81' lang='lat' dir='ltr'><strong>Trione,</strong></span> <span class='ocrx_word' id='word_1_332' title='bbox 453 4881 490 4923; x_wconf 84' lang='lat' dir='ltr'><strong>rx</strong></span> <span class='ocrx_word' id='word_1_333' title='bbox 515 4856 709 4942; x_wconf 82' lang='lat' dir='ltr'><strong>quatermille</strong></span> <span class='ocrx_word' id='word_1_334' title='bbox 731 4861 911 4938; x_wconf 78' lang='lat' dir='ltr'><strong>otiingrntia</strong></span> <span class='ocrx_word' id='word_1_335' title='bbox 935 4872 966 4922; x_wconf 84' lang='lat' dir='ltr'><strong>et</strong></span> <span class='ocrx_word' id='word_1_336' title='bbox 987 4856 1137 4938; x_wconf 77' lang='lat' dir='ltr'><strong>sexaginta</strong></span> <span class='ocrx_word' id='word_1_337' title='bbox 1161 4859 1257 4920; x_wconf 80' lang='lat' dir='ltr'><strong>tribua</strong></span> <span class='ocrx_word' id='word_1_338' title='bbox 1281 4853 1404 4941; x_wconf 80' lang='lat' dir='ltr'><strong>pollinis</strong></span> <span class='ocrx_word' id='word_1_339' title='bbox 1427 4856 1584 4936; x_wconf 75' lang='lat' dir='ltr'><strong>granulis,</strong></span> <span class='ocrx_word' id='word_1_340' title='bbox 1622 4857 1684 4923; x_wconf 81' lang='lat' dir='ltr'><strong>sola</strong></span> <span class='ocrx_word' id='word_1_341' title='bbox 1706 4815 1793 4940; x_wconf 59' lang='lat' dir='ltr'><strong>quinss</strong></span> 
     </span>
     <span class='ocr_line' id='line_1_35' title="bbox 213 4969 1856 5063; baseline 0.001 -30"><span class='ocrx_word' id='word_1_342' title='bbox 213 4976 375 5055; x_wconf 77' lang='lat' dir='ltr'><strong>quaginta,</strong></span> <span class='ocrx_word' id='word_1_343' title='bbox 411 4978 554 5037; x_wconf 83' lang='lat' dir='ltr'><strong>omnibus</strong></span> <span class='ocrx_word' id='word_1_344' title='bbox 578 4980 667 5038; x_wconf 81' lang='lat' dir='ltr'><strong>unius</strong></span> <span class='ocrx_word' id='word_1_345' title='bbox 692 4973 816 5063; x_wconf 69' lang='lat' dir='ltr'><strong>capsula</strong></span> <span class='ocrx_word' id='word_1_346' title='bbox 835 4972 1046 5040; x_wconf 71' lang='lat' dir='ltr'><strong>fecundandis</strong></span> <span class='ocrx_word' id='word_1_347' title='bbox 1069 4972 1169 5038; x_wconf 77' lang='lat' dir='ltr'><strong>ovulia</strong></span> <span class='ocrx_word' id='word_1_348' title='bbox 1191 4969 1353 5045; x_wconf 71' lang='lat' dir='ltr'><strong>suffecisse,</strong></span> <span class='ocrx_word' id='word_1_349' title='bbox 1389 4969 1517 5034; x_wconf 83' lang='lat' dir='ltr'><strong>affirmat</strong></span> <span class='ocrx_word' id='word_1_350' title='bbox 1541 4978 1792 5037; x_wconf 62' lang='lat' dir='ltr'><strong>Ronanus.</strong></span> <span class='ocrx_word' id='word_1_351' title='bbox 1849 5041 1856 5055; x_wconf 80' lang='lat'>.</span> 
     </span>
     <span class='ocr_line' id='line_1_36' title="bbox 215 5085 646 5176; baseline 0.012 -27"><span class='ocrx_word' id='word_1_352' title='bbox 215 5085 401 5172; x_wconf 81' lang='lat' dir='ltr'><strong>Voriaeufflg.</strong></span> <span class='ocrx_word' id='word_1_353' title='bbox 425 5091 542 5155; x_wconf 84' lang='lat' dir='ltr'><strong>Nachr.</strong></span> <span class='ocrx_word' id='word_1_354' title='bbox 564 5113 594 5176; x_wconf 86' lang='lat' dir='ltr'><strong>p.</strong></span> <span class='ocrx_word' id='word_1_355' title='bbox 615 5111 646 5168; x_wconf 84' lang='lat'><strong>9.</strong></span> 
     </span>
    </p>
   </div>
   <div class='ocr_carea' id='block_1_5' title="bbox 0 0 2288 5959">
    <p class='ocr_par' dir='ltr' id='par_1_5' title="bbox 0 0 2288 5959">
     <span class='ocr_line' id='line_1_37' title="bbox 0 0 2288 5959; baseline 0 3"><span class='ocrx_word' id='word_1_356' title='bbox 0 0 2288 5959; x_wconf 95' lang='lat' dir='ltr'><strong> </strong></span> 
     </span>
    </p>
   </div>
  </div>
 </body>
</html>
