4567 5959
519 516 609 571 carr
762 577 772 595 f
1176 584 1179 589 ,
1227 514 1533 550 --··-

517 724 744 811 vinculum,
777 730 897 820 atque
914 720 1138 816 generatim
1157 720 1334 809 Natura,
1367 728 1408 798 in
1432 721 1700 824 producendis
1724 723 1835 800 hisce
1862 723 1988 798 nuclei
2011 727 2162 824 partibus,

516 854 693 951 primum
717 874 741 925 a
766 847 1038 950 simplicissima
1054 846 1264 927 albuminis
1282 859 1465 934 textura,
1500 850 1549 926 ad
1563 854 1692 945 magis
1708 850 1932 946 organicam
1955 849 2078 929 Vitelli
2091 853 2164 928 stru·

517 973 686 1062 (turam,
724 976 764 1053 δι
784 976 832 1051 ab
852 976 926 1050 hac
949 975 1158 1074 deinceps,
1196 976 1245 1054 ad
1265 973 1546 1077 perfectiorem
1567 976 1853 1075 cotyledonum
1873 974 2050 1054 fabricam
2072 977 2164 1053 iden·

516 1099 614 1181 libili
638 1103 758 1181 modo
784 1102 1005 1207 procedere
1021 1102 1218 1182 videatur.

1162 1393 1424 1505 CAPVT
1458 1393 1571 1504 ΧΠ.

1320 1619 1415 1697 ua

982 1722 1758 1849 corrcruournus

1143 1967 1586 1992 w

513 2103 800 2258 cotyledones
820 2159 911 2236 sunt
930 2169 1068 2261 partes
1089 2166 1220 2241 nuclei
1248 2169 1468 2263 organicae,
1509 2165 1705 2267 srmplices
1724 2168 1794 2239 aut
1806 2158 1973 2248 divisae,
2008 2175 2165 2257 quaeuna

510 2310 600 2363 cum
627 2287 800 2363 radicula
827 2298 947 2385 atque
973 2290 1151 2389 plumula
1169 2293 1288 2391 ipsam
1318 2293 1556 2392 embryonis
1580 2288 1761 2366 efficiunt
1787 2311 2033 2389 compagem,
2065 2285 2165 2381 &per

510 2418 840 2509 germinationem
862 2417 1020 2493 seminis
1039 2417 1304 2516 utplurimum
1322 2421 1363 2492 in
1377 2421 1507 2518 prima
1524 2440 1645 2493 novae
1662 2418 1810 2516 plantae
1832 2422 2110 2491 convertuntur
2124 2408 2164 2482 sc

508 2541 620 2627 liola,
645 2544 667 2615 a'
684 2540 846 2638 reliquis
864 2544 1057 2617 secuturis
1072 2543 1218 2641 saepius
1238 2543 1404 2621 diversa
1454 2542 1646 2642 Juucro
1673 2544 1734 2636 (1)
1758 2542 1947 2617 dicuntur
1966 2536 2079 2619 Volua
2089 2532 2164 2634 seni·

508 2669 582 2753 nis,
608 2666 886 2743 mmmmm
911 2667 1009 2767 (a),
1038 2664 1344 2768 Lobiscminclcr,
1369 2656 1410 2745 a
1430 2667 1534 2755 aliis,
1559 2664 1902 2768 Fosiosasrminalia.
1954 2663 2029 2741 Sed
2046 2657 2163 2762 praestat

508 2792 775 2891 Cotyledonis
799 2816 965 2880 nomen,
1000 2793 1262 2871 aL1uumo
1286 2793 1361 2894 (3)
1386 2795 1634 2894 adoptatum,
1669 2797 1760 2890 quia
1776 2803 1928 2869 certam
1947 2792 1987 2870 δι
2006 2788 2163 2865 definitam

507 2924 683 3023 partium
705 2942 789 2994 non
809 2921 987 2997 involvit
1012 2922 1204 3034 figuram,
1242 2931 1362 3017 atque
1390 2924 1431 2999 in
1449 2921 1710 3025 cotyledones
1727 2915 1924 3015 involutas,
1950 2912 2163 3011 aequabant,

508 3065 627 3143 quam
646 3049 686 3118 in
705 3044 859 3123 evolutus
884 3046 1062 3141 quadrat.

445 3246 457 3264 ³
605 3227 799 3325 Orginem
821 3233 928 3307 suam
952 3242 1007 3308 ex
1026 3235 1107 3332 ipso
1127 3235 1354 3332 embryone
1374 3236 1558 3319 trahunt,
1591 3227 1705 3329 cujus
1720 3236 1867 3333 quippe
1880 3234 2036 3331 semper
2047 3230 2163 3328 partem

506 3355 685 3437 efficiunt
705 3359 980 3453 integrantem.
1029 3357 1243 3457 Sigillatim
1262 3385 1383 3447 vero,
1417 3361 1612 3461 simplices
1630 3360 1656 3433 s.
1675 3360 1850 3438 indivisae
1868 3358 2112 3457 cotyledones
2128 3365 2164 3422 ex

505 3509 616 3561 mera
635 3483 797 3560 Corculi
825 3486 850 3558 l.
872 3487 991 3584 primi
1013 3488 1151 3587 panai
1182 3486 1411 3562 medullaris
1435 3484 1671 3562 extensione
1696 3493 1737 3561 in
1762 3491 1931 3581 longum
1960 3487 2163 3560 excitantur,

504 3622 624 3708 atque
644 3610 742 3684 nihil
764 3609 870 3685 aliud
887 3614 994 3697 sunt,
1019 3637 1137 3708 quam
1160 3615 1239 3713 ipse
1252 3614 1390 3712 scapus
1411 3616 1646 3709 embryonis
1667 3639 1690 3688 a
1711 3614 1884 3690 radicula
1901 3614 1969 3687 sua
1988 3610 2100 3701 magis
2113 3599 2163 3676 nl·

503 3758 637 3815 nusve
667 3733 889 3819 distinctus,
926 3742 1035 3813 utin
1060 3738 1195 3834 Liliis,
1231 3740 1400 3824 Palmis,
1441 3738 1712 3815 Graminibus.
1770 3737 1997 3829 Geminataa
2019 3721 2163 3808 antemi·

503 3859 727 3957 conjugatae
746 3862 1007 3957 cotyledones
1025 3864 1252 3940 formantur
1266 3892 1290 3941 a
1310 3865 1473 3950 fissuris,
1505 3889 1595 3960 quae
1611 3875 1768 3964 partem
1788 3866 1979 3950 Corculi,
2017 3852 2164 3935 radicula

504 3987 722 4085 oppositam
747 3989 785 4059 in
806 3988 966 4065 lobulos
992 3993 1231 4090 plerumque
1253 3992 1428 4088 aequales
1452 4000 1571 4085 atque
1591 3994 1774 4088 geminos
1799 3991 1996 4067 dividunt.
2044 3977 2164 4058 inlo-

503 4113 604 4194 buli,
631 4117 669 4185 in
689 4113 908 4211 primordio
931 4117 1016 4201 suo,
1046 4141 1157 4194 mera
1171 4118 1411 4192 aemulantur
1425 4101 1649 4201 tubercula,
1682 4118 1722 4192 &
1744 4120 1784 4191 in
1804 4117 1944 4191 multis
1963 4130 2106 4211 quoque
2124 4102 2141 4176 s
2152 4139 2164 4154 ·

502 4237 675 4310 minibus
701 4237 801 4313 hanc
818 4238 987 4319 formam
1008 4246 1186 4321 retinent
1207 4247 1472 4327 immutatam3
1498 4242 1563 4317 scd
1587 4247 1626 4316 in
1643 4244 1747 4327 aliis,
1773 4241 1911 4319 sensim
1930 4238 2164 4317 extenuantur

503 4363 542 4433 in
568 4362 760 4444 lamellas,
800 4385 892 4458 quae
919 4367 1149 4449 divaricatis
1172 4369 1251 4463 suis
1281 4371 1355 4445 alis
1378 4370 1523 4463 liquori
1547 4367 1686 4442 Arnnii
1714 4370 1974 4466 supernatant
2000 4367 2037 4441 dc
2062 4380 2107 4436 ex
2130 4374 2163 4426 εο

502 4487 743 4562 omnesuum
759 4491 1244 4580 trahuntnutrimentum,
1274 4507 1322 4569 ut
1333 4496 1440 4569 illius
1453 4505 1571 4590 atque
1586 4493 1724 4569 Chorii
1737 4495 1952 4594 dispendio,
1984 4474 2163 4592 ipsaebrevi

499 4610 723 4715 augeantur
747 4625 866 4711 atque
885 4611 1029 4711 justam
1060 4622 1346 4716 cotyledonum
1376 4620 1515 4696 sensim
1539 4624 1823 4729 nanciscantur
1856 4620 2035 4696 sormam.
2096 4608 2163 4700 0¹¹⁰

2030 4733 2163 4843 propius

543 4932 585 4996 ι.)
608 4923 717 5005 Isagog.
741 4928 918 5015 phytoscop.
941 4948 971 5013 p.
996 4950 1034 4991 m.
1057 4950 1106 5009 44.
1128 4948 1175 5021 45.
1466 4936 1515 5014 3,)
1539 4929 1647 4997 Philos.
1669 4934 1734 4997 bot.
1825 4968 1831 4975 .

541 5074 596 5140 2.)
619 5070 676 5130 Das
700 5070 813 5133 Neulle
835 5072 889 5133 dcc.
