<?xml version="1.0" encoding="UTF-8"?>
<!DOCTYPE html PUBLIC "-//W3C//DTD XHTML 1.0 Transitional//EN"
    "http://www.w3.org/TR/xhtml1/DTD/xhtml1-transitional.dtd">
<html xmlns="http://www.w3.org/1999/xhtml" xml:lang="en" lang="en">
 <head>
  <title>
</title>
<meta http-equiv="Content-Type" content="text/html;charset=utf-8" />
  <meta name='ocr-system' content='tesseract 3.04.00' />
  <meta name='ocr-capabilities' content='ocr_page ocr_carea ocr_par ocr_line ocrx_word'/>
</head>
<body>
  <div class='ocr_page' id='page_1' title='image "./defructibusetse00librgoog_0039.png"; bbox 0 0 4567 5959; ppageno 0'>
   <div class='ocr_carea' id='block_1_1' title="bbox 862 527 1865 595">
    <p class='ocr_par' dir='ltr' id='par_1_1' title="bbox 862 527 1865 595">
     <span class='ocr_line' id='line_1_1' title="bbox 862 527 1865 595; baseline -0.008 -11"><span class='ocrx_word' id='word_1_1' title='bbox 862 527 1167 584; x_wconf 50' lang='lat' dir='ltr'><strong>m</strong></span> <span class='ocrx_word' id='word_1_2' title='bbox 1782 539 1865 595; x_wconf 69' lang='grc' dir='ltr'><strong>χχι</strong></span> 
     </span>
    </p>
   </div>
   <div class='ocr_carea' id='block_1_2' title="bbox 162 729 1868 964">
    <p class='ocr_par' dir='ltr' id='par_1_2' title="bbox 162 729 1868 964">
     <span class='ocr_line' id='line_1_2' title="bbox 162 729 1868 838; baseline -0.003 -26"><span class='ocrx_word' id='word_1_3' title='bbox 162 738 263 830; x_wconf 70' lang='lat' dir='ltr'><strong>Eum</strong></span> <span class='ocrx_word' id='word_1_4' title='bbox 278 743 471 838; x_wconf 76' lang='lat' dir='ltr'><strong>apparatu</strong></span> <span class='ocrx_word' id='word_1_5' title='bbox 483 735 705 821; x_wconf 87' lang='lat' dir='ltr'><strong>recondita,</strong></span> <span class='ocrx_word' id='word_1_6' title='bbox 727 731 1058 810; x_wconf 78' lang='lat' dir='ltr'><strong>numerosissimas</strong></span> <span class='ocrx_word' id='word_1_7' title='bbox 1075 753 1237 829; x_wconf 90' lang='lat' dir='ltr'><strong>quoque</strong></span> <span class='ocrx_word' id='word_1_8' title='bbox 1253 732 1403 830; x_wconf 83' lang='lat' dir='ltr'><strong>promit</strong></span> <span class='ocrx_word' id='word_1_9' title='bbox 1416 747 1614 825; x_wconf 78' lang='lat' dir='ltr'><strong>gemmas,</strong></span> <span class='ocrx_word' id='word_1_10' title='bbox 1642 732 1748 805; x_wconf 87' lang='lat' dir='ltr'><strong>intra</strong></span> <span class='ocrx_word' id='word_1_11' title='bbox 1759 729 1868 807; x_wconf 79' lang='lat' dir='ltr'><strong>fron</strong></span> 
     </span>
     <span class='ocr_line' id='line_1_3' title="bbox 163 855 1867 964; baseline -0.003 -25"><span class='ocrx_word' id='word_1_12' title='bbox 163 866 275 940; x_wconf 90' lang='lat' dir='ltr'><strong>dium</strong></span> <span class='ocrx_word' id='word_1_13' title='bbox 294 864 511 964; x_wconf 81' lang='lat' dir='ltr'><strong>scyphulos</strong></span> <span class='ocrx_word' id='word_1_14' title='bbox 528 866 679 958; x_wconf 89' lang='lat' dir='ltr'><strong>quovis</strong></span> <span class='ocrx_word' id='word_1_15' title='bbox 694 865 787 935; x_wconf 88' lang='lat' dir='ltr'><strong>anni</strong></span> <span class='ocrx_word' id='word_1_16' title='bbox 804 871 987 958; x_wconf 88' lang='lat' dir='ltr'><strong>tempore</strong></span> <span class='ocrx_word' id='word_1_17' title='bbox 1006 861 1135 959; x_wconf 87' lang='lat' dir='ltr'><strong>palam</strong></span> <span class='ocrx_word' id='word_1_18' title='bbox 1158 869 1379 935; x_wconf 88' lang='lat' dir='ltr'><strong>nascentes.</strong></span> <span class='ocrx_word' id='word_1_19' title='bbox 1429 855 1680 952; x_wconf 87' lang='lat' dir='ltr'><strong>Systematici</strong></span> <span class='ocrx_word' id='word_1_20' title='bbox 1701 858 1867 956; x_wconf 87' lang='lat' dir='ltr'><strong>scripto·</strong></span> 
     </span>
    </p>
   </div>
   <div class='ocr_carea' id='block_1_3' title="bbox 165 985 2002 1088">
    <p class='ocr_par' dir='ltr' id='par_1_3' title="bbox 165 985 2002 1088">
     <span class='ocr_line' id='line_1_4' title="bbox 165 985 2002 1088; baseline -0.009 -24"><span class='ocrx_word' id='word_1_21' title='bbox 165 1013 254 1075; x_wconf 90' lang='lat' dir='ltr'><strong>res,</strong></span> <span class='ocrx_word' id='word_1_22' title='bbox 277 991 366 1088; x_wconf 88' lang='lat' dir='ltr'><strong>post</strong></span> <span class='ocrx_word' id='word_1_23' title='bbox 385 990 654 1070; x_wconf 67' lang='lat' dir='ltr'><strong>ainamma</strong></span> <span class='ocrx_word' id='word_1_24' title='bbox 675 990 740 1083; x_wconf 84' lang='lat'><strong>(1.)</strong></span> <span class='ocrx_word' id='word_1_25' title='bbox 755 987 842 1063; x_wconf 88' lang='lat' dir='ltr'><strong>fere</strong></span> <span class='ocrx_word' id='word_1_26' title='bbox 861 1008 1007 1074; x_wconf 81' lang='lat' dir='ltr'><strong>omnes</strong></span> <span class='ocrx_word' id='word_1_27' title='bbox 1023 986 1122 1060; x_wconf 86' lang='lat' dir='ltr'>nihil</span> <span class='ocrx_word' id='word_1_28' title='bbox 1136 985 1366 1062; x_wconf 80' lang='lat' dir='ltr'><strong>dubitarunt</strong></span> <span class='ocrx_word' id='word_1_29' title='bbox 1387 1006 1564 1078; x_wconf 84' lang='lat' dir='ltr'><strong>gemmas</strong></span> <span class='ocrx_word' id='word_1_30' title='bbox 1579 985 1665 1057; x_wconf 85' lang='lat' dir='ltr'><strong>illas</strong></span> <span class='ocrx_word' id='word_1_31' title='bbox 1687 988 1726 1058; x_wconf 90' lang='lat' dir='ltr'><strong>in</strong></span> <span class='ocrx_word' id='word_1_32' title='bbox 1747 1009 1870 1064; x_wconf 84' lang='lat' dir='ltr'><strong>vero.</strong></span> <span class='ocrx_word' id='word_1_33' title='bbox 1999 1075 2002 1080; x_wconf 28' lang='lat'><strong><em>„</em></strong></span> 
     </span>
    </p>
   </div>
   <div class='ocr_carea' id='block_1_4' title="bbox 165 1109 1930 2976">
    <p class='ocr_par' dir='ltr' id='par_1_4' title="bbox 165 1109 1930 2976">
     <span class='ocr_line' id='line_1_5' title="bbox 165 1109 1871 1211; baseline -0.003 -19"><span class='ocrx_word' id='word_1_34' title='bbox 165 1140 260 1192; x_wconf 88' lang='lat' dir='ltr'><strong>rum</strong></span> <span class='ocrx_word' id='word_1_35' title='bbox 286 1117 477 1191; x_wconf 86' lang='lat' dir='ltr'><strong>seminum</strong></span> <span class='ocrx_word' id='word_1_36' title='bbox 504 1137 717 1189; x_wconf 85' lang='lat' dir='ltr'><strong>numerum</strong></span> <span class='ocrx_word' id='word_1_37' title='bbox 738 1117 938 1211; x_wconf 83' lang='lat' dir='ltr'><strong>recipere;</strong></span> <span class='ocrx_word' id='word_1_38' title='bbox 964 1112 1028 1187; x_wconf 92' lang='lat' dir='ltr'><strong>sed</strong></span> <span class='ocrx_word' id='word_1_39' title='bbox 1049 1112 1291 1187; x_wconf 73' lang='lat' dir='ltr'><strong>Haccauus</strong></span> <span class='ocrx_word' id='word_1_40' title='bbox 1312 1109 1411 1209; x_wconf 86' lang='lat'><strong>(2.)</strong></span> <span class='ocrx_word' id='word_1_41' title='bbox 1439 1132 1579 1186; x_wconf 85' lang='lat' dir='ltr'><strong>veram</strong></span> <span class='ocrx_word' id='word_1_42' title='bbox 1599 1134 1738 1186; x_wconf 87' lang='lat' dir='ltr'><strong>earum</strong></span> <span class='ocrx_word' id='word_1_43' title='bbox 1761 1113 1871 1188; x_wconf 85' lang='lat' dir='ltr'><strong>iudo·</strong></span> 
     </span>
     <span class='ocr_line' id='line_1_6' title="bbox 165 1238 1871 1341; baseline -0.002 -23"><span class='ocrx_word' id='word_1_44' title='bbox 165 1241 245 1318; x_wconf 92' lang='lat' dir='ltr'><strong>lem</strong></span> <span class='ocrx_word' id='word_1_45' title='bbox 260 1244 416 1341; x_wconf 77' lang='lat' dir='ltr'><strong>primus</strong></span> <span class='ocrx_word' id='word_1_46' title='bbox 436 1245 512 1319; x_wconf 88' lang='lat' dir='ltr'><strong>rite</strong></span> <span class='ocrx_word' id='word_1_47' title='bbox 527 1239 749 1340; x_wconf 72' lang='lat' dir='ltr'><strong>perspexit,</strong></span> <span class='ocrx_word' id='word_1_48' title='bbox 773 1251 892 1334; x_wconf 90' lang='lat' dir='ltr'><strong>atque</strong></span> <span class='ocrx_word' id='word_1_49' title='bbox 904 1238 1120 1337; x_wconf 86' lang='lat' dir='ltr'><strong>scyphulos</strong></span> <span class='ocrx_word' id='word_1_50' title='bbox 1137 1262 1228 1312; x_wconf 88' lang='lat' dir='ltr'><strong>cum</strong></span> <span class='ocrx_word' id='word_1_51' title='bbox 1241 1259 1489 1333; x_wconf 77' lang='lat' dir='ltr'><strong>gemmarum</strong></span> <span class='ocrx_word' id='word_1_52' title='bbox 1514 1238 1741 1333; x_wconf 83' lang='lat' dir='ltr'><strong>involucro,</strong></span> <span class='ocrx_word' id='word_1_53' title='bbox 1768 1240 1871 1337; x_wconf 83' lang='lat' dir='ltr'><strong>ipsas</strong></span> 
     </span>
     <span class='ocr_line' id='line_1_7' title="bbox 165 1363 1930 1462; baseline -0.001 -19"><span class='ocrx_word' id='word_1_54' title='bbox 165 1379 304 1443; x_wconf 87' lang='lat' dir='ltr'><strong>autem</strong></span> <span class='ocrx_word' id='word_1_55' title='bbox 332 1366 554 1446; x_wconf 78' lang='lat' dir='ltr'><strong>brasteolas</strong></span> <span class='ocrx_word' id='word_1_56' title='bbox 581 1387 672 1440; x_wconf 85' lang='lat' dir='ltr'><strong>cum</strong></span> <span class='ocrx_word' id='word_1_57' title='bbox 700 1367 856 1439; x_wconf 86' lang='lat' dir='ltr'><strong>illarum</strong></span> <span class='ocrx_word' id='word_1_58' title='bbox 886 1364 1236 1460; x_wconf 25' lang='lat' dir='ltr'><strong>foliolis-novellis</strong></span> <span class='ocrx_word' id='word_1_59' title='bbox 1264 1366 1531 1462; x_wconf 84' lang='lat' dir='ltr'><strong>comparavit;</strong></span> <span class='ocrx_word' id='word_1_60' title='bbox 1566 1363 1606 1438; x_wconf 74' lang='grc' dir='ltr'><strong>δι</strong></span> <span class='ocrx_word' id='word_1_61' title='bbox 1628 1363 1680 1438; x_wconf 84' lang='lat' dir='ltr'><strong>fic</strong></span> <span class='ocrx_word' id='word_1_62' title='bbox 1708 1388 1872 1460; x_wconf 83' lang='lat' dir='ltr'><strong>quoque</strong></span> <span class='ocrx_word' id='word_1_63' title='bbox 1929 1377 1930 1380; x_wconf 76' lang='grc'>’</span> 
     </span>
     <span class='ocr_line' id='line_1_8' title="bbox 167 1489 1871 1593; baseline -0.002 -22"><span class='ocrx_word' id='word_1_64' title='bbox 167 1496 285 1572; x_wconf 79' lang='lat' dir='ltr'><strong>brevi</strong></span> <span class='ocrx_word' id='word_1_65' title='bbox 317 1495 407 1593; x_wconf 86' lang='lat' dir='ltr'><strong>post</strong></span> <span class='ocrx_word' id='word_1_66' title='bbox 445 1491 748 1570; x_wconf 66' lang='lat' dir='ltr'><strong>Scammos</strong></span> <span class='ocrx_word' id='word_1_67' title='bbox 775 1489 858 1590; x_wconf 80' lang='lat'><strong>(3.)</strong></span> <span class='ocrx_word' id='word_1_68' title='bbox 885 1492 1096 1585; x_wconf 79' lang='lat' dir='ltr'><strong>vulgarem</strong></span> <span class='ocrx_word' id='word_1_69' title='bbox 1136 1514 1320 1565; x_wconf 88' lang='lat' dir='ltr'><strong>errorem</strong></span> <span class='ocrx_word' id='word_1_70' title='bbox 1353 1489 1542 1574; x_wconf 83' lang='lat' dir='ltr'><strong>deseruit,</strong></span> <span class='ocrx_word' id='word_1_71' title='bbox 1563 1491 1752 1588; x_wconf 80' lang='lat' dir='ltr'><strong>[ipsasque</strong></span> <span class='ocrx_word' id='word_1_72' title='bbox 1782 1492 1871 1568; x_wconf 81' lang='lat' dir='ltr'><strong>illas</strong></span> 
     </span>
     <span class='ocr_line' id='line_1_9' title="bbox 167 1613 1887 1718; baseline -0.001 -23"><span class='ocrx_word' id='word_1_73' title='bbox 167 1617 431 1696; x_wconf 68' lang='lat' dir='ltr'><strong>immolatas</strong></span> <span class='ocrx_word' id='word_1_74' title='bbox 448 1623 735 1718; x_wconf 78' lang='lat' dir='ltr'><strong>propaginesc</strong></span> <span class='ocrx_word' id='word_1_75' title='bbox 765 1619 956 1694; x_wconf 87' lang='lat' dir='ltr'><strong>seminum</strong></span> <span class='ocrx_word' id='word_1_76' title='bbox 985 1637 1109 1711; x_wconf 80' lang='lat' dir='ltr'>grege</span> <span class='ocrx_word' id='word_1_77' title='bbox 1128 1619 1302 1700; x_wconf 86' lang='lat' dir='ltr'><strong>exemit,</strong></span> <span class='ocrx_word' id='word_1_78' title='bbox 1327 1613 1722 1712; x_wconf 82' lang='lat' dir='ltr'><strong>absolutillimamque</strong></span> <span class='ocrx_word' id='word_1_79' title='bbox 1744 1617 1793 1692; x_wconf 86' lang='lat' dir='ltr'><strong>de</strong></span> <span class='ocrx_word' id='word_1_80' title='bbox 1820 1621 1887 1694; x_wconf 44' lang='lat' dir='ltr'><strong>iis*</strong></span> 
     </span>
     <span class='ocr_line' id='line_1_10' title="bbox 167 1740 1874 1840; baseline -0.001 -19"><span class='ocrx_word' id='word_1_81' title='bbox 167 1746 336 1821; x_wconf 86' lang='lat' dir='ltr'><strong>tradens</strong></span> <span class='ocrx_word' id='word_1_82' title='bbox 359 1744 578 1829; x_wconf 86' lang='lat' dir='ltr'><strong>historiam,</strong></span> <span class='ocrx_word' id='word_1_83' title='bbox 611 1766 679 1819; x_wconf 84' lang='lat' dir='ltr'><strong>eas</strong></span> <span class='ocrx_word' id='word_1_84' title='bbox 705 1746 805 1820; x_wconf 84' lang='lat' dir='ltr'><strong>vivos</strong></span> <span class='ocrx_word' id='word_1_85' title='bbox 825 1743 901 1817; x_wconf 85' lang='lat' dir='ltr'><strong>else</strong></span> <span class='ocrx_word' id='word_1_86' title='bbox 920 1740 1049 1838; x_wconf 79' lang='lat' dir='ltr'><strong>sutus,</strong></span> <span class='ocrx_word' id='word_1_87' title='bbox 1082 1744 1242 1818; x_wconf 88' lang='lat' dir='ltr'><strong>censuit.</strong></span> <span class='ocrx_word' id='word_1_88' title='bbox 1308 1740 1481 1817; x_wconf 82' lang='lat' dir='ltr'><strong>Perinde</strong></span> <span class='ocrx_word' id='word_1_89' title='bbox 1507 1742 1581 1828; x_wconf 87' lang='lat' dir='ltr'><strong>est,</strong></span> <span class='ocrx_word' id='word_1_90' title='bbox 1605 1744 1874 1840; x_wconf 80' lang='lat' dir='ltr'><strong>quodcunque</strong></span> 
     </span>
     <span class='ocr_line' id='line_1_11' title="bbox 168 1866 1876 1956; baseline -0.002 -9"><span class='ocrx_word' id='word_1_91' title='bbox 168 1894 318 1947; x_wconf 85' lang='lat' dir='ltr'><strong>nomen</strong></span> <span class='ocrx_word' id='word_1_92' title='bbox 346 1871 501 1956; x_wconf 86' lang='lat' dir='ltr'><strong>ferant,</strong></span> <span class='ocrx_word' id='word_1_93' title='bbox 529 1871 744 1945; x_wconf 87' lang='lat' dir='ltr'><strong>dummodo</strong></span> <span class='ocrx_word' id='word_1_94' title='bbox 768 1891 851 1943; x_wconf 90' lang='lat' dir='ltr'><strong>non</strong></span> <span class='ocrx_word' id='word_1_95' title='bbox 882 1870 1015 1943; x_wconf 87' lang='lat' dir='ltr'><strong>inscite</strong></span> <span class='ocrx_word' id='word_1_96' title='bbox 1047 1892 1138 1944; x_wconf 91' lang='lat' dir='ltr'><strong>cum</strong></span> <span class='ocrx_word' id='word_1_97' title='bbox 1163 1870 1276 1945; x_wconf 86' lang='lat' dir='ltr'><strong>veris</strong></span> <span class='ocrx_word' id='word_1_98' title='bbox 1304 1866 1608 1943; x_wconf 84' lang='lat' dir='ltr'><strong>&#39;confundantur</strong></span> <span class='ocrx_word' id='word_1_99' title='bbox 1639 1869 1876 1946; x_wconf 75' lang='lat' dir='ltr'><strong>seminibust</strong></span> 
     </span>
     <span class='ocr_line' id='line_1_12' title="bbox 168 1977 1873 2095; baseline -0.001 -23"><span class='ocrx_word' id='word_1_100' title='bbox 168 1986 360 2094; x_wconf 78' lang='lat' dir='ltr'><strong>quoniam</strong></span> <span class='ocrx_word' id='word_1_101' title='bbox 379 2008 512 2071; x_wconf 85' lang='lat' dir='ltr'><strong>autem</strong></span> <span class='ocrx_word' id='word_1_102' title='bbox 535 1999 644 2073; x_wconf 87' lang='lat' dir='ltr'><strong>vivae</strong></span> <span class='ocrx_word' id='word_1_103' title='bbox 666 1998 792 2095; x_wconf 85' lang='lat' dir='ltr'><strong>proli.</strong></span> <span class='ocrx_word' id='word_1_104' title='bbox 817 1997 965 2091; x_wconf 84' lang='lat' dir='ltr'><strong>absque</strong></span> <span class='ocrx_word' id='word_1_105' title='bbox 991 1995 1223 2089; x_wconf 77' lang='lat' dir='ltr'><strong>genitalium</strong></span> <span class='ocrx_word' id='word_1_106' title='bbox 1245 1977 1419 2093; x_wconf 87' lang='lat' dir='ltr'><strong>partium</strong></span> <span class='ocrx_word' id='word_1_107' title='bbox 1438 1994 1681 2084; x_wconf 87' lang='lat' dir='ltr'><strong>ministerio,</strong></span> <span class='ocrx_word' id='word_1_108' title='bbox 1708 1996 1873 2095; x_wconf 59' lang='lat' dir='ltr'><strong>praesen</strong></span> 
     </span>
     <span class='ocr_line' id='line_1_13' title="bbox 167 2097 1873 2221; baseline -0.001 -23"><span class='ocrx_word' id='word_1_109' title='bbox 167 2097 242 2198; x_wconf 80' lang='lat' dir='ltr'><strong>tim</strong></span> <span class='ocrx_word' id='word_1_110' title='bbox 259 2126 301 2196; x_wconf 89' lang='lat' dir='ltr'><strong>in</strong></span> <span class='ocrx_word' id='word_1_111' title='bbox 313 2124 527 2218; x_wconf 83' lang='lat' dir='ltr'><strong>vegetabili</strong></span> <span class='ocrx_word' id='word_1_112' title='bbox 543 2146 715 2221; x_wconf 88' lang='lat' dir='ltr'><strong>corpore</strong></span> <span class='ocrx_word' id='word_1_113' title='bbox 729 2134 876 2215; x_wconf 86' lang='lat' dir='ltr'><strong>enatae,</strong></span> <span class='ocrx_word' id='word_1_114' title='bbox 900 2144 983 2197; x_wconf 93' lang='lat' dir='ltr'><strong>non</strong></span> <span class='ocrx_word' id='word_1_115' title='bbox 1000 2125 1151 2220; x_wconf 84' lang='lat' dir='ltr'><strong>aptius,</strong></span> <span class='ocrx_word' id='word_1_116' title='bbox 1177 2143 1294 2215; x_wconf 90' lang='lat' dir='ltr'><strong>quam</strong></span> <span class='ocrx_word' id='word_1_117' title='bbox 1310 2143 1481 2214; x_wconf 85' lang='lat' dir='ltr'><strong>gemmae</strong></span> <span class='ocrx_word' id='word_1_118' title='bbox 1499 2121 1586 2194; x_wconf 89' lang='lat' dir='ltr'><strong>dari</strong></span> <span class='ocrx_word' id='word_1_119' title='bbox 1599 2144 1746 2196; x_wconf 88' lang='lat' dir='ltr'><strong>nomen</strong></span> <span class='ocrx_word' id='word_1_120' title='bbox 1764 2121 1873 2221; x_wconf 81' lang='lat' dir='ltr'><strong>poll&#39;e</strong></span> 
     </span>
     <span class='ocr_line' id='line_1_14' title="bbox 168 2245 1877 2345; baseline 0 -21"><span class='ocrx_word' id='word_1_121' title='bbox 168 2249 379 2332; x_wconf 82' lang='lat' dir='ltr'><strong>videatur,</strong></span> <span class='ocrx_word' id='word_1_122' title='bbox 406 2249 479 2322; x_wconf 89' lang='lat' dir='ltr'><strong>nili</strong></span> <span class='ocrx_word' id='word_1_123' title='bbox 491 2248 648 2343; x_wconf 88' lang='lat' dir='ltr'><strong>quidem</strong></span> <span class='ocrx_word' id='word_1_124' title='bbox 665 2251 827 2324; x_wconf 87' lang='lat' dir='ltr'><strong>nomina</strong></span> <span class='ocrx_word' id='word_1_125' title='bbox 846 2257 1000 2345; x_wconf 87' lang='lat' dir='ltr'><strong>praeter</strong></span> <span class='ocrx_word' id='word_1_126' title='bbox 1013 2245 1278 2323; x_wconf 83' lang='lat' dir='ltr'><strong>necessitatem</strong></span> <span class='ocrx_word' id='word_1_127' title='bbox 1296 2245 1557 2344; x_wconf 85' lang='lat' dir='ltr'><strong>multiplicare</strong></span> <span class='ocrx_word' id='word_1_128' title='bbox 1577 2249 1758 2333; x_wconf 78' lang='lat' dir='ltr'><strong>libuerit3</strong></span> <span class='ocrx_word' id='word_1_129' title='bbox 1786 2249 1877 2324; x_wconf 89' lang='lat' dir='ltr'><strong>ideo</strong></span> 
     </span>
     <span class='ocr_line' id='line_1_15' title="bbox 172 2356 1877 2471; baseline 0.002 -22"><span class='ocrx_word' id='word_1_130' title='bbox 172 2398 339 2471; x_wconf 88' lang='lat' dir='ltr'><strong>quoque</strong></span> <span class='ocrx_word' id='word_1_131' title='bbox 360 2376 502 2448; x_wconf 81' lang='lat' dir='ltr'><strong>tritum</strong></span> <span class='ocrx_word' id='word_1_132' title='bbox 525 2374 564 2449; x_wconf 73' lang='grc' dir='ltr'><strong>δι</strong></span> <span class='ocrx_word' id='word_1_133' title='bbox 580 2356 809 2470; x_wconf 71' lang='lat' dir='ltr'><strong>genericmn</strong></span> <span class='ocrx_word' id='word_1_134' title='bbox 833 2396 1004 2467; x_wconf 84' lang='lat' dir='ltr'><strong>gemmae</strong></span> <span class='ocrx_word' id='word_1_135' title='bbox 1021 2395 1170 2448; x_wconf 88' lang='lat' dir='ltr'><strong>nomen</strong></span> <span class='ocrx_word' id='word_1_136' title='bbox 1191 2381 1303 2446; x_wconf 89' lang='lat' dir='ltr'><strong>tanto</strong></span> <span class='ocrx_word' id='word_1_137' title='bbox 1324 2373 1528 2448; x_wconf 88' lang='lat' dir='ltr'><strong>lubentius</strong></span> <span class='ocrx_word' id='word_1_138' title='bbox 1552 2373 1772 2450; x_wconf 85' lang='lat' dir='ltr'><strong>soboliseris</strong></span> <span class='ocrx_word' id='word_1_139' title='bbox 1796 2377 1877 2452; x_wconf 79' lang='lat' dir='ltr'><strong>illis</strong></span> 
     </span>
     <span class='ocr_line' id='line_1_16' title="bbox 175 2483 1880 2599; baseline 0.001 -23"><span class='ocrx_word' id='word_1_140' title='bbox 175 2483 424 2599; x_wconf 77' lang='lat' dir='ltr'><strong>corpusculis</strong></span> <span class='ocrx_word' id='word_1_141' title='bbox 444 2501 715 2599; x_wconf 85' lang='lat' dir='ltr'><strong>impertimus,</strong></span> <span class='ocrx_word' id='word_1_142' title='bbox 754 2508 903 2593; x_wconf 89' lang='lat' dir='ltr'><strong>quanto</strong></span> <span class='ocrx_word' id='word_1_143' title='bbox 923 2499 1082 2593; x_wconf 87' lang='lat' dir='ltr'><strong>quidem</strong></span> <span class='ocrx_word' id='word_1_144' title='bbox 1104 2497 1330 2575; x_wconf 86' lang='lat' dir='ltr'><strong>evidentius</strong></span> <span class='ocrx_word' id='word_1_145' title='bbox 1351 2520 1493 2575; x_wconf 87' lang='lat' dir='ltr'><strong>omnes</strong></span> <span class='ocrx_word' id='word_1_146' title='bbox 1519 2498 1682 2578; x_wconf 79' lang='lat' dir='ltr'><strong>fincerae</strong></span> <span class='ocrx_word' id='word_1_147' title='bbox 1703 2523 1880 2597; x_wconf 78' lang='lat' dir='ltr'><strong>gemmae</strong></span> 
     </span>
     <span class='ocr_line' id='line_1_17' title="bbox 171 2624 1878 2726; baseline 0.001 -25"><span class='ocrx_word' id='word_1_148' title='bbox 171 2638 285 2701; x_wconf 85' lang='lat' dir='ltr'><strong>notae</strong></span> <span class='ocrx_word' id='word_1_149' title='bbox 310 2625 529 2702; x_wconf 74' lang='lat' dir='ltr'><strong>essentiales</strong></span> <span class='ocrx_word' id='word_1_150' title='bbox 549 2627 588 2698; x_wconf 90' lang='lat' dir='ltr'><strong>in</strong></span> <span class='ocrx_word' id='word_1_151' title='bbox 611 2627 662 2701; x_wconf 89' lang='lat' dir='ltr'><strong>iis</strong></span> <span class='ocrx_word' id='word_1_152' title='bbox 683 2625 1060 2724; x_wconf 84' lang='lat' dir='ltr'><strong>deprehenduntur,</strong></span> <span class='ocrx_word' id='word_1_153' title='bbox 1101 2632 1149 2698; x_wconf 87' lang='lat' dir='ltr'><strong>ut</strong></span> <span class='ocrx_word' id='word_1_154' title='bbox 1177 2646 1265 2722; x_wconf 85' lang='lat' dir='ltr'><strong>prae</strong></span> <span class='ocrx_word' id='word_1_155' title='bbox 1289 2624 1452 2719; x_wconf 87' lang='lat' dir='ltr'><strong>reliquis</strong></span> <span class='ocrx_word' id='word_1_156' title='bbox 1475 2627 1660 2702; x_wconf 91' lang='lat' dir='ltr'><strong>omnibus</strong></span> <span class='ocrx_word' id='word_1_157' title='bbox 1684 2628 1878 2726; x_wconf 80' lang='lat' dir='ltr'><strong>exemplo</strong></span> 
     </span>
     <span class='ocr_line' id='line_1_18' title="bbox 173 2749 1881 2847; baseline 0.002 -21"><span class='ocrx_word' id='word_1_158' title='bbox 173 2753 372 2826; x_wconf 76' lang='lat' dir='ltr'><strong>hiservire</strong></span> <span class='ocrx_word' id='word_1_159' title='bbox 396 2762 563 2846; x_wconf 86' lang='lat' dir='ltr'><strong>queant,</strong></span> <span class='ocrx_word' id='word_1_160' title='bbox 601 2752 760 2845; x_wconf 83' lang='lat' dir='ltr'><strong>quando</strong></span> <span class='ocrx_word' id='word_1_161' title='bbox 785 2750 999 2827; x_wconf 77' lang='lat' dir='ltr'><strong>distinttam</strong></span> <span class='ocrx_word' id='word_1_162' title='bbox 1022 2760 1156 2835; x_wconf 87' lang='lat' dir='ltr'><strong>ortus,</strong></span> <span class='ocrx_word' id='word_1_163' title='bbox 1198 2749 1451 2826; x_wconf 81' lang='lat' dir='ltr'><strong>formationis</strong></span> <span class='ocrx_word' id='word_1_164' title='bbox 1481 2762 1600 2847; x_wconf 85' lang='lat' dir='ltr'><strong>atque</strong></span> <span class='ocrx_word' id='word_1_165' title='bbox 1627 2755 1881 2833; x_wconf 84' lang='lat' dir='ltr'><strong>evolutionis</strong></span> 
     </span>
     <span class='ocr_line' id='line_1_19' title="bbox 172 2853 1481 2976; baseline 0.001 -24"><span class='ocrx_word' id='word_1_166' title='bbox 172 2899 427 2972; x_wconf 36' lang='lat' dir='ltr'><strong>gemmarum*</strong></span> <span class='ocrx_word' id='word_1_167' title='bbox 447 2875 726 2976; x_wconf 72' lang='lat' dir='ltr'><strong>simpliciorum</strong></span> <span class='ocrx_word' id='word_1_168' title='bbox 751 2879 873 2952; x_wconf 86' lang='lat' dir='ltr'><strong>nobis</strong></span> <span class='ocrx_word' id='word_1_169' title='bbox 883 2898 1121 2976; x_wconf 87' lang='lat' dir='ltr'><strong>comparare</strong></span> <span class='ocrx_word' id='word_1_170' title='bbox 1142 2853 1315 2953; x_wconf 79' lang='lat' dir='ltr'><strong>velimus</strong></span> <span class='ocrx_word' id='word_1_171' title='bbox 1339 2877 1481 2953; x_wconf 81' lang='lat' dir='ltr'><strong>ideam.</strong></span> 
     </span>
    </p>
   </div>
   <div class='ocr_carea' id='block_1_5' title="bbox 77 3088 1890 4549">
    <p class='ocr_par' dir='ltr' id='par_1_5' title="bbox 77 3088 1896 4549">
     <span class='ocr_line' id='line_1_20' title="bbox 77 3088 1883 3196; baseline 0.002 -29"><span class='ocrx_word' id='word_1_172' title='bbox 77 3099 84 3104; x_wconf 85' lang='lat'>&#39;</span> <span class='ocrx_word' id='word_1_173' title='bbox 222 3090 227 3096; x_wconf 80' lang='grc'>’</span> <span class='ocrx_word' id='word_1_174' title='bbox 275 3088 511 3184; x_wconf 78' lang='lat' dir='ltr'><strong>Antiouroa,</strong></span> <span class='ocrx_word' id='word_1_175' title='bbox 547 3092 617 3165; x_wconf 77' lang='lat' dir='ltr'><strong>iiia</strong></span> <span class='ocrx_word' id='word_1_176' title='bbox 632 3094 669 3165; x_wconf 89' lang='lat' dir='ltr'><strong>in</strong></span> <span class='ocrx_word' id='word_1_177' title='bbox 695 3092 865 3190; x_wconf 84' lang='lat' dir='ltr'><strong>capsulis</strong></span> <span class='ocrx_word' id='word_1_178' title='bbox 884 3093 1074 3167; x_wconf 83' lang='lat' dir='ltr'><strong>subulatis</strong></span> <span class='ocrx_word' id='word_1_179' title='bbox 1099 3111 1199 3196; x_wconf 74' lang='lat' dir='ltr'><strong>vera</strong></span> <span class='ocrx_word' id='word_1_180' title='bbox 1219 3090 1339 3166; x_wconf 86' lang='lat' dir='ltr'><strong>habet</strong></span> <span class='ocrx_word' id='word_1_181' title='bbox 1360 3091 1523 3176; x_wconf 74' lang='lat' dir='ltr'><strong>semina,</strong></span> <span class='ocrx_word' id='word_1_182' title='bbox 1554 3091 1594 3167; x_wconf 74' lang='grc' dir='ltr'><strong>δι</strong></span> <span class='ocrx_word' id='word_1_183' title='bbox 1621 3095 1883 3192; x_wconf 85' lang='lat' dir='ltr'><strong>praeter·1lla·,.</strong></span> 
     </span>
     <span class='ocr_line' id='line_1_21' title="bbox 172 3214 1884 3316; baseline 0.002 -27"><span class='ocrx_word' id='word_1_184' title='bbox 172 3214 385 3312; x_wconf 76' lang='lat' dir='ltr'><strong>segregata</strong></span> <span class='ocrx_word' id='word_1_185' title='bbox 395 3238 556 3309; x_wconf 87' lang='lat' dir='ltr'><strong>quoque</strong></span> <span class='ocrx_word' id='word_1_186' title='bbox 570 3219 738 3311; x_wconf 78' lang='lat' dir='ltr'><strong>granula</strong></span> <span class='ocrx_word' id='word_1_187' title='bbox 752 3221 790 3291; x_wconf 91' lang='lat' dir='ltr'><strong>in</strong></span> <span class='ocrx_word' id='word_1_188' title='bbox 810 3216 1027 3316; x_wconf 87' lang='lat' dir='ltr'><strong>scyphulis,</strong></span> <span class='ocrx_word' id='word_1_189' title='bbox 1052 3217 1263 3293; x_wconf 84' lang='lat' dir='ltr'><strong>frondibus</strong></span> <span class='ocrx_word' id='word_1_190' title='bbox 1286 3218 1499 3315; x_wconf 85' lang='lat' dir='ltr'><strong>inscriptis,</strong></span> <span class='ocrx_word' id='word_1_191' title='bbox 1527 3218 1641 3293; x_wconf 53' lang='lat' dir='ltr'><strong>ficati&gt;</strong></span> <span class='ocrx_word' id='word_1_192' title='bbox 1660 3220 1884 3295; x_wconf 77' lang='lat' dir='ltr'><strong>Marchan-</strong></span> 
     </span>
     <span class='ocr_line' id='line_1_22' title="bbox 173 3341 1881 3443; baseline 0.003 -28"><span class='ocrx_word' id='word_1_193' title='bbox 173 3343 250 3425; x_wconf 85' lang='lat' dir='ltr'><strong>tia,</strong></span> <span class='ocrx_word' id='word_1_194' title='bbox 276 3342 450 3440; x_wconf 80' lang='lat' dir='ltr'><strong>profert.</strong></span> <span class='ocrx_word' id='word_1_195' title='bbox 494 3341 619 3417; x_wconf 88' lang='lat' dir='ltr'><strong>Hisce</strong></span> <span class='ocrx_word' id='word_1_196' title='bbox 639 3345 823 3437; x_wconf 74' lang='lat' dir='ltr'><strong>grauidis</strong></span> <span class='ocrx_word' id='word_1_197' title='bbox 841 3347 1009 3439; x_wconf 85' lang='lat' dir='ltr'><strong>contigit</strong></span> <span class='ocrx_word' id='word_1_198' title='bbox 1032 3345 1127 3418; x_wconf 88' lang='lat' dir='ltr'><strong>olim</strong></span> <span class='ocrx_word' id='word_1_199' title='bbox 1149 3345 1252 3415; x_wconf 84' lang='lat' dir='ltr'><strong>inter</strong></span> <span class='ocrx_word' id='word_1_200' title='bbox 1269 3343 1411 3416; x_wconf 83' lang='lat' dir='ltr'><strong>semina</strong></span> <span class='ocrx_word' id='word_1_201' title='bbox 1438 3367 1538 3418; x_wconf 87' lang='lat' dir='ltr'><strong>vera</strong></span> <span class='ocrx_word' id='word_1_202' title='bbox 1556 3344 1642 3442; x_wconf 80' lang='lat'><strong>(4.)</strong></span> <span class='ocrx_word' id='word_1_203' title='bbox 1665 3368 1881 3443; x_wconf 85' lang='lat' dir='ltr'><strong>perperam</strong></span> 
     </span>
     <span class='ocr_line' id='line_1_23' title="bbox 175 3465 1884 3567; baseline 0.002 -26"><span class='ocrx_word' id='word_1_204' title='bbox 175 3465 353 3552; x_wconf 63' lang='lat' dir='ltr'><strong>referi-ie</strong></span> <span class='ocrx_word' id='word_1_205' title='bbox 376 3490 483 3541; x_wconf 89' lang='lat' dir='ltr'><strong>nunc</strong></span> <span class='ocrx_word' id='word_1_206' title='bbox 496 3472 885 3545; x_wconf 85' lang='lat' dir='ltr'><strong>autemanounullis</strong></span> <span class='ocrx_word' id='word_1_207' title='bbox 906 3472 973 3563; x_wconf 70' lang='grc' dir='ltr'><strong>(ς.)</strong></span> <span class='ocrx_word' id='word_1_208' title='bbox 992 3470 1267 3567; x_wconf 80' lang='lat' dir='ltr'><strong>pro-antheris.</strong></span> <span class='ocrx_word' id='word_1_209' title='bbox 1282 3469 1554 3545; x_wconf 84' lang='lat' dir='ltr'><strong>vendita-ntur,</strong></span> <span class='ocrx_word' id='word_1_210' title='bbox 1579 3474 1670 3565; x_wconf 87' lang='lat' dir='ltr'><strong>quia</strong></span> <span class='ocrx_word' id='word_1_211' title='bbox 1693 3473 1884 3546; x_wconf 84' lang='lat' dir='ltr'><strong>novellas·</strong></span> 
     </span>
     <span class='ocr_line' id='line_1_24' title="bbox 175 3591 1885 3694; baseline 0.004 -31"><span class='ocrx_word' id='word_1_212' title='bbox 175 3591 337 3690; x_wconf 84' lang='lat' dir='ltr'><strong>plantas</strong></span> <span class='ocrx_word' id='word_1_213' title='bbox 352 3595 473 3667; x_wconf 85' lang='lat' dir='ltr'><strong>exiis-</strong></span> <span class='ocrx_word' id='word_1_214' title='bbox 488 3593 956 3692; x_wconf 74' lang='lat' dir='ltr'><strong>prodire-hastenusnon</strong></span> <span class='ocrx_word' id='word_1_215' title='bbox 979 3595 1188 3671; x_wconf 85' lang='lat' dir='ltr'><strong>viderunt..</strong></span> <span class='ocrx_word' id='word_1_216' title='bbox 1233 3591 1293 3668; x_wconf 84' lang='lat' dir='ltr'><strong>At</strong></span> <span class='ocrx_word' id='word_1_217' title='bbox 1315 3597 1518 3689; x_wconf 88' lang='lat' dir='ltr'><strong>quomodo</strong></span> <span class='ocrx_word' id='word_1_218' title='bbox 1541 3597 1628 3670; x_wconf 85' lang='lat' dir='ltr'><strong>haec</strong></span> <span class='ocrx_word' id='word_1_219' title='bbox 1641 3597 1885 3694; x_wconf 83' lang='lat' dir='ltr'><strong>corpuscula</strong></span> 
     </span>
     <span class='ocr_line' id='line_1_25' title="bbox 177 3717 1880 3819; baseline 0.002 -26"><span class='ocrx_word' id='word_1_220' title='bbox 177 3740 295 3793; x_wconf 85' lang='lat' dir='ltr'><strong>verae</strong></span> <span class='ocrx_word' id='word_1_221' title='bbox 315 3717 469 3791; x_wconf 83' lang='lat' dir='ltr'><strong>suerint</strong></span> <span class='ocrx_word' id='word_1_222' title='bbox 488 3720 695 3794; x_wconf 74' lang='lat' dir='ltr'><strong>antherae:</strong></span> <span class='ocrx_word' id='word_1_223' title='bbox 726 3744 818 3815; x_wconf 78' lang='lat' dir='ltr'><strong>quae</strong></span> <span class='ocrx_word' id='word_1_224' title='bbox 840 3733 920 3794; x_wconf 87' lang='lat' dir='ltr'><strong>tam</strong></span> <span class='ocrx_word' id='word_1_225' title='bbox 947 3724 1061 3795; x_wconf 78' lang='lat' dir='ltr'><strong>uario</strong></span> <span class='ocrx_word' id='word_1_226' title='bbox 1090 3721 1262 3813; x_wconf 80' lang='lat' dir='ltr'><strong>vigeant·</strong></span> <span class='ocrx_word' id='word_1_227' title='bbox 1281 3730 1484 3819; x_wconf 86' lang='lat' dir='ltr'><strong>tempore,</strong></span> <span class='ocrx_word' id='word_1_228' title='bbox 1515 3733 1562 3796; x_wconf 86' lang='lat' dir='ltr'><strong>ut</strong></span> <span class='ocrx_word' id='word_1_229' title='bbox 1582 3723 1880 3797; x_wconf 87' lang='lat' dir='ltr'><strong>&#39;corniculorum</strong></span> 
     </span>
     <span class='ocr_line' id='line_1_26' title="bbox 175 3842 1887 3947; baseline 0.002 -31"><span class='ocrx_word' id='word_1_230' title='bbox 175 3842 448 3926; x_wconf 75' lang='lat' dir='ltr'><strong>femmeorum</strong></span> <span class='ocrx_word' id='word_1_231' title='bbox 464 3855 706 3941; x_wconf 86' lang='lat' dir='ltr'><strong>proventum</strong></span> <span class='ocrx_word' id='word_1_232' title='bbox 720 3899 735 3929; x_wconf 79' lang='lat'><strong>,</strong></span> <span class='ocrx_word' id='word_1_233' title='bbox 764 3847 845 3943; x_wconf 90' lang='lat' dir='ltr'><strong>ipso</strong></span> <span class='ocrx_word' id='word_1_234' title='bbox 863 3845 1065 3919; x_wconf 84' lang='lat' dir='ltr'><strong>referente</strong></span> <span class='ocrx_word' id='word_1_235' title='bbox 1084 3842 1359 3919; x_wconf 70' lang='lat' dir='ltr'><strong>Sennrnanro</strong></span> <span class='ocrx_word' id='word_1_236' title='bbox 1383 3848 1448 3941; x_wconf 80' lang='lat'><strong>(6)</strong></span> <span class='ocrx_word' id='word_1_237' title='bbox 1466 3848 1613 3945; x_wconf 81' lang='lat' dir='ltr'><strong>saepius·</strong></span> <span class='ocrx_word' id='word_1_238' title='bbox 1635 3848 1887 3947; x_wconf 55' lang='lat' dir='ltr'><strong>praecedant}</strong></span> 
     </span>
     <span class='ocr_line' id='line_1_27' title="bbox 177 3971 1890 4069; baseline 0.003 -28"><span class='ocrx_word' id='word_1_239' title='bbox 177 3991 275 4064; x_wconf 80' lang='lat' dir='ltr'><strong>quae</strong></span> <span class='ocrx_word' id='word_1_240' title='bbox 300 3993 373 4043; x_wconf 83' lang='lat' dir='ltr'><strong>nec</strong></span> <span class='ocrx_word' id='word_1_241' title='bbox 393 3972 557 4067; x_wconf 80' lang='lat' dir='ltr'><strong>pollinis</strong></span> <span class='ocrx_word' id='word_1_242' title='bbox 574 3994 647 4046; x_wconf 84' lang='lat' dir='ltr'><strong>nee</strong></span> <span class='ocrx_word' id='word_1_243' title='bbox 665 3972 871 4069; x_wconf 87' lang='lat' dir='ltr'><strong>spermatis</strong></span> <span class='ocrx_word' id='word_1_244' title='bbox 898 3971 1029 4044; x_wconf 82' lang='lat' dir='ltr'><strong>ullum-</strong></span> <span class='ocrx_word' id='word_1_245' title='bbox 1044 3975 1282 4046; x_wconf 84' lang='lat' dir='ltr'><strong>contineant</strong></span> <span class='ocrx_word' id='word_1_246' title='bbox 1301 3972 1511 4066; x_wconf 87' lang='lat' dir='ltr'><strong>vestigium</strong></span> <span class='ocrx_word' id='word_1_247' title='bbox 1537 3974 1575 4047; x_wconf 72' lang='grc' dir='ltr'><strong>ὃ(</strong></span> <span class='ocrx_word' id='word_1_248' title='bbox 1592 3975 1735 4067; x_wconf 86' lang='lat' dir='ltr'><strong>quibus</strong></span> <span class='ocrx_word' id='word_1_249' title='bbox 1751 3976 1890 4067; x_wconf 82' lang='lat' dir='ltr'><strong>itaque·</strong></span> 
     </span>
     <span class='ocr_line' id='line_1_28' title="bbox 177 4094 1888 4193; baseline 0.004 -26"><span class='ocrx_word' id='word_1_250' title='bbox 177 4094 267 4170; x_wconf 82' lang='lat' dir='ltr'><strong>sive</strong></span> <span class='ocrx_word' id='word_1_251' title='bbox 286 4097 329 4167; x_wconf 79' lang='lat' dir='ltr'><strong>in</strong></span> <span class='ocrx_word' id='word_1_252' title='bbox 347 4094 479 4170; x_wconf 89' lang='lat' dir='ltr'><strong>eadem</strong></span> <span class='ocrx_word' id='word_1_253' title='bbox 493 4149 509 4180; x_wconf 89' lang='lat'><strong>,.</strong></span> <span class='ocrx_word' id='word_1_254' title='bbox 531 4094 615 4174; x_wconf 78' lang='lat' dir='ltr'><strong>live</strong></span> <span class='ocrx_word' id='word_1_255' title='bbox 640 4101 678 4170; x_wconf 86' lang='lat' dir='ltr'><strong>in</strong></span> <span class='ocrx_word' id='word_1_256' title='bbox 696 4097 847 4171; x_wconf 85' lang='lat' dir='ltr'><strong>diversa</strong></span> <span class='ocrx_word' id='word_1_257' title='bbox 869 4095 994 4193; x_wconf 86' lang='lat' dir='ltr'><strong>stirpe</strong></span> <span class='ocrx_word' id='word_1_258' title='bbox 1007 4097 1273 4171; x_wconf 82' lang='lat' dir='ltr'><strong>habitantibus</strong></span> <span class='ocrx_word' id='word_1_259' title='bbox 1288 4120 1406 4169; x_wconf 88' lang='lat' dir='ltr'><strong>omne</strong></span> <span class='ocrx_word' id='word_1_260' title='bbox 1426 4122 1516 4171; x_wconf 85' lang='lat' dir='ltr'><strong>cum</strong></span> <span class='ocrx_word' id='word_1_261' title='bbox 1537 4098 1695 4174; x_wconf 87' lang='lat' dir='ltr'><strong>feminis</strong></span> <span class='ocrx_word' id='word_1_262' title='bbox 1715 4101 1888 4193; x_wconf 50' lang='lat' dir='ltr'><strong>denegas</strong></span> 
     </span>
     <span class='ocr_line' id='line_1_29' title="bbox 176 4219 1888 4324; baseline 0.003 -29"><span class='ocrx_word' id='word_1_263' title='bbox 176 4229 269 4295; x_wconf 77' lang='lat' dir='ltr'><strong>sum</strong></span> <span class='ocrx_word' id='word_1_264' title='bbox 284 4219 330 4294; x_wconf 84' lang='lat' dir='ltr'><strong>lit</strong></span> <span class='ocrx_word' id='word_1_265' title='bbox 348 4225 656 4307; x_wconf 73' lang='lat' dir='ltr'><strong>commerciumc</strong></span> <span class='ocrx_word' id='word_1_266' title='bbox 680 4247 723 4296; x_wconf 91' lang='lat' dir='ltr'><strong>ac</strong></span> <span class='ocrx_word' id='word_1_267' title='bbox 742 4223 910 4315; x_wconf 88' lang='lat' dir='ltr'><strong>denique</strong></span> <span class='ocrx_word' id='word_1_268' title='bbox 929 4225 1073 4307; x_wconf 82' lang='lat' dir='ltr'><strong>etiam,</strong></span> <span class='ocrx_word' id='word_1_269' title='bbox 1093 4244 1184 4315; x_wconf 86' lang='lat' dir='ltr'><strong>quae</strong></span> <span class='ocrx_word' id='word_1_270' title='bbox 1205 4225 1246 4295; x_wconf 87' lang='lat' dir='ltr'><strong>ln</strong></span> <span class='ocrx_word' id='word_1_271' title='bbox 1268 4220 1507 4298; x_wconf 86' lang='lat' dir='ltr'><strong>Anthocero</strong></span> <span class='ocrx_word' id='word_1_272' title='bbox 1530 4220 1628 4319; x_wconf 78' lang='lat' dir='ltr'><strong>lavi,</strong></span> <span class='ocrx_word' id='word_1_273' title='bbox 1654 4227 1818 4324; x_wconf 85' lang='lat' dir='ltr'><strong>saepius,</strong></span> <span class='ocrx_word' id='word_1_274' title='bbox 1843 4226 1888 4300; x_wconf 70' lang='grc'><strong>8(</strong></span> 
     </span>
     <span class='ocr_line' id='line_1_30' title="bbox 178 4343 1884 4450; baseline 0.005 -31"><span class='ocrx_word' id='word_1_275' title='bbox 178 4343 431 4447; x_wconf 77' lang='lat' dir='ltr'><strong>ira-mastifido,</strong></span> <span class='ocrx_word' id='word_1_276' title='bbox 450 4347 676 4424; x_wconf 85' lang='lat' dir='ltr'><strong>constanter</strong></span> <span class='ocrx_word' id='word_1_277' title='bbox 689 4346 901 4424; x_wconf 73' lang='lat' dir='ltr'><strong>deficienti</strong></span> <span class='ocrx_word' id='word_1_278' title='bbox 939 4346 1282 4443; x_wconf 88' lang='lat' dir='ltr'><strong>Quemadmodum</strong></span> <span class='ocrx_word' id='word_1_279' title='bbox 1303 4352 1424 4445; x_wconf 77' lang='lat' dir='ltr'><strong>igitur</strong></span> <span class='ocrx_word' id='word_1_280' title='bbox 1438 4349 1525 4424; x_wconf 87' lang='lat' dir='ltr'><strong>haec</strong></span> <span class='ocrx_word' id='word_1_281' title='bbox 1541 4355 1700 4437; x_wconf 70' lang='lat' dir='ltr'><strong>omnia,-</strong></span> <span class='ocrx_word' id='word_1_282' title='bbox 1719 4373 1884 4450; x_wconf 86' lang='lat' dir='ltr'><strong>corpus·</strong></span> 
     </span>
     <span class='ocr_line' id='line_1_31' title="bbox 857 4471 1883 4549; baseline 0.003 -3"><span class='ocrx_word' id='word_1_283' title='bbox 857 4471 864 4480; x_wconf 85' lang='lat'>&#39;</span> <span class='ocrx_word' id='word_1_284' title='bbox 1770 4478 1883 4549; x_wconf 85' lang='lat' dir='ltr'><strong>culo-</strong></span> 
     </span>
    </p>
   </div>
   <div class='ocr_carea' id='block_1_6' title="bbox 227 4628 1890 4828">
    <p class='ocr_par' dir='ltr' id='par_1_6' title="bbox 227 4628 1890 4828">
     <span class='ocr_line' id='line_1_32' title="bbox 227 4628 1890 4713; baseline 0 -25"><span class='ocrx_word' id='word_1_285' title='bbox 227 4632 278 4700; x_wconf 69' lang='lat' dir='ltr'><strong>n).</strong></span> <span class='ocrx_word' id='word_1_286' title='bbox 295 4628 369 4688; x_wconf 77' lang='lat' dir='ltr'><strong>Gen.</strong></span> <span class='ocrx_word' id='word_1_287' title='bbox 377 4645 449 4687; x_wconf 82' lang='lat' dir='ltr'><strong>nov.</strong></span> <span class='ocrx_word' id='word_1_288' title='bbox 457 4645 487 4708; x_wconf 87' lang='lat' dir='ltr'><strong>p.</strong></span> <span class='ocrx_word' id='word_1_289' title='bbox 497 4641 545 4687; x_wconf 72' lang='lat' dir='ltr'><strong>nt.-</strong></span> <span class='ocrx_word' id='word_1_290' title='bbox 560 4647 588 4689; x_wconf 83' lang='lat' dir='ltr'><strong>r..</strong></span> <span class='ocrx_word' id='word_1_291' title='bbox 598 4628 703 4688; x_wconf 74' lang='lat' dir='ltr'><strong>[mu.</strong></span> <span class='ocrx_word' id='word_1_292' title='bbox 715 4646 782 4706; x_wconf 77' lang='lat' dir='ltr'><strong>gen.</strong></span> <span class='ocrx_word' id='word_1_293' title='bbox 792 4639 865 4701; x_wconf 79' lang='lat'><strong>1198·</strong></span> <span class='ocrx_word' id='word_1_294' title='bbox 879 4631 1016 4694; x_wconf 75' lang='lat' dir='ltr'><strong>Araus.</strong></span> <span class='ocrx_word' id='word_1_295' title='bbox 1092 4637 1142 4707; x_wconf 67' lang='grc'><strong>4,.)</strong></span> <span class='ocrx_word' id='word_1_296' title='bbox 1157 4633 1383 4713; x_wconf 74' lang='lat' dir='ltr'><strong>angeup.</strong></span> <span class='ocrx_word' id='word_1_297' title='bbox 1400 4649 1449 4692; x_wconf 83' lang='lat' dir='ltr'><strong>ro..</strong></span> <span class='ocrx_word' id='word_1_298' title='bbox 1465 4633 1561 4694; x_wconf 82' lang='lat' dir='ltr'><strong>Dmc.</strong></span> <span class='ocrx_word' id='word_1_299' title='bbox 1574 4652 1666 4691; x_wconf 73' lang='lat' dir='ltr'><strong>miae.</strong></span> <span class='ocrx_word' id='word_1_300' title='bbox 1681 4646 1754 4706; x_wconf 74' lang='lat'><strong>475..</strong></span> <span class='ocrx_word' id='word_1_301' title='bbox 1776 4633 1890 4692; x_wconf 72' lang='lat' dir='ltr'><strong>trun..</strong></span> 
     </span>
     <span class='ocr_line' id='line_1_33' title="bbox 314 4737 1771 4828; baseline 0.003 -29"><span class='ocrx_word' id='word_1_302' title='bbox 314 4737 430 4801; x_wconf 67' lang='lat' dir='ltr'><strong>samo.</strong></span> <span class='ocrx_word' id='word_1_303' title='bbox 449 4762 476 4822; x_wconf 90' lang='lat' dir='ltr'><strong>p.</strong></span> <span class='ocrx_word' id='word_1_304' title='bbox 494 4760 543 4816; x_wconf 82' lang='lat'><strong>14..</strong></span> <span class='ocrx_word' id='word_1_305' title='bbox 1180 4765 1247 4824; x_wconf 50' lang='grc' dir='ltr'><em>μετ’.</em></span> <span class='ocrx_word' id='word_1_306' title='bbox 1265 4764 1348 4805; x_wconf 83' lang='lat'><strong>1201..</strong></span> <span class='ocrx_word' id='word_1_307' title='bbox 1374 4749 1509 4807; x_wconf 70' lang='lat' dir='ltr'><strong>nuans.</strong></span> <span class='ocrx_word' id='word_1_308' title='bbox 1531 4743 1602 4806; x_wconf 84' lang='lat' dir='ltr'><strong>sam.</strong></span> <span class='ocrx_word' id='word_1_309' title='bbox 1622 4763 1654 4806; x_wconf 85' lang='lat'><strong>2.</strong></span> <span class='ocrx_word' id='word_1_310' title='bbox 1665 4765 1694 4828; x_wconf 85' lang='lat' dir='ltr'><strong>p.</strong></span> <span class='ocrx_word' id='word_1_311' title='bbox 1713 4755 1771 4819; x_wconf 70' lang='lat'><strong>15,7</strong></span> 
     </span>
    </p>
   </div>
   <div class='ocr_carea' id='block_1_7' title="bbox 227 4877 1662 5113">
    <p class='ocr_par' dir='ltr' id='par_1_7' title="bbox 227 4877 1662 5113">
     <span class='ocr_line' id='line_1_34' title="bbox 227 4877 1662 4970; baseline 0.005 -28"><span class='ocrx_word' id='word_1_312' title='bbox 227 4882 277 4962; x_wconf 76' lang='lat' dir='ltr'><strong>a.)</strong></span> <span class='ocrx_word' id='word_1_313' title='bbox 297 4884 411 4942; x_wconf 73' lang='lat' dir='ltr'><strong>Eoum.</strong></span> <span class='ocrx_word' id='word_1_314' title='bbox 426 4883 506 4964; x_wconf 83' lang='lat' dir='ltr'><strong>stirp.</strong></span> <span class='ocrx_word' id='word_1_315' title='bbox 536 4877 615 4942; x_wconf 82' lang='lat' dir='ltr'><strong>helv.</strong></span> <span class='ocrx_word' id='word_1_316' title='bbox 638 4901 667 4964; x_wconf 87' lang='lat' dir='ltr'><strong>p.</strong></span> <span class='ocrx_word' id='word_1_317' title='bbox 693 4897 763 4962; x_wconf 63' lang='grc' dir='ltr'><strong>ιη’,</strong></span> <span class='ocrx_word' id='word_1_318' title='bbox 1095 4895 1140 4961; x_wconf 62' lang='lat' dir='ltr'><strong>a)</strong></span> <span class='ocrx_word' id='word_1_319' title='bbox 1164 4884 1488 4959; x_wconf 59' lang='lat' dir='ltr'><strong>renumerandis.</strong></span> <span class='ocrx_word' id='word_1_320' title='bbox 1507 4906 1537 4970; x_wconf 88' lang='lat' dir='ltr'><strong>p.</strong></span> <span class='ocrx_word' id='word_1_321' title='bbox 1551 4904 1595 4966; x_wconf 61' lang='grc' dir='ltr'><strong>γι.</strong></span> <span class='ocrx_word' id='word_1_322' title='bbox 1609 4903 1662 4966; x_wconf 73' lang='lat'><strong>73..</strong></span> 
     </span>
     <span class='ocr_line' id='line_1_35' title="bbox 231 5018 1426 5113; baseline -0.009 -17"><span class='ocrx_word' id='word_1_323' title='bbox 231 5022 283 5102; x_wconf 66' lang='lat'><strong>3.)&#39;)</strong></span> <span class='ocrx_word' id='word_1_324' title='bbox 299 5018 419 5093; x_wconf 61' lang='lat' dir='ltr'><strong>Auilli-</strong></span> <span class='ocrx_word' id='word_1_325' title='bbox 441 5043 471 5106; x_wconf 74' lang='lat' dir='ltr'><strong>P·</strong></span> <span class='ocrx_word' id='word_1_326' title='bbox 494 5042 537 5098; x_wconf 77' lang='lat'><strong>41·</strong></span> <span class='ocrx_word' id='word_1_327' title='bbox 560 5018 593 5105; x_wconf 68' lang='lat' dir='ltr'><strong>sl</strong></span> <span class='ocrx_word' id='word_1_328' title='bbox 607 5042 645 5098; x_wconf 64' lang='lat'><strong>9⁴·</strong></span> <span class='ocrx_word' id='word_1_329' title='bbox 1100 5030 1151 5109; x_wconf 65' lang='lat' dir='ltr'><strong>d.)</strong></span> <span class='ocrx_word' id='word_1_330' title='bbox 1168 5024 1195 5090; x_wconf 68' lang='lat' dir='ltr'>L</span> <span class='ocrx_word' id='word_1_331' title='bbox 1209 5050 1233 5090; x_wconf 82' lang='lat' dir='ltr'><strong>c.</strong></span> <span class='ocrx_word' id='word_1_332' title='bbox 1247 5049 1276 5113; x_wconf 83' lang='lat' dir='ltr'><strong>p.</strong></span> <span class='ocrx_word' id='word_1_333' title='bbox 1287 5022 1374 5111; x_wconf 55' lang='lat' dir='ltr'><strong>aas,</strong></span> <span class='ocrx_word' id='word_1_334' title='bbox 1391 5047 1426 5091; x_wconf 84' lang='lat'><strong>2..</strong></span> 
     </span>
    </p>
   </div>
   <div class='ocr_carea' id='block_1_8' title="bbox 0 0 2315 5956">
    <p class='ocr_par' dir='ltr' id='par_1_8' title="bbox 0 0 2315 5956">
     <span class='ocr_line' id='line_1_36' title="bbox 0 0 2315 5956; baseline 0 0"><span class='ocrx_word' id='word_1_335' title='bbox 0 0 2315 5956; x_wconf 95' lang='lat' dir='ltr'><strong> </strong></span> 
     </span>
    </p>
   </div>
  </div>
 </body>
</html>
