4567 5959
795 520 1100 550 -···“““““
1684 512 1797 567 nxlx

104 726 335 813 congruunt
359 738 449 791 cum
471 715 658 791 tuniculis:
684 723 731 789 ut
753 712 996 815 Juniperus,
1022 711 1253 803 Ambrosia,
1277 714 1560 812 Lithagrostis,
1591 711 1797 814 Scabiosa,

103 841 322 940 Scolynrus
337 843 409 917 &c
417 840 622 917 Praeterea
636 864 794 936 quoque
814 841 966 941 pollent
983 865 1005 915 a
1025 840 1169 916 fabrica
1185 843 1225 917 δι
1245 842 1492 919 consistentia
1512 844 1731 932 involucri,
1757 849 1800 922 in

102 971 212 1045 varia
233 991 391 1068 genera
407 964 626 1042 subalterna
645 966 788 1053 dividi,
819 968 881 1045 sed
905 968 1022 1043 nobis
1052 968 1140 1042 heic
1160 968 1315 1053 sufficit,
1345 968 1393 1044 ad
1421 970 1547 1046 solum
1579 971 1800 1048 indumenti

54 1143 58 1150 ·
102 1091 314 1192 respexiffe
331 1104 486 1175 ortum,
512 1115 565 1167 ne
588 1092 823 1170 divisionum
845 1115 1039 1169 numerus
1058 1106 1213 1192 praeter
1232 1092 1495 1172 necessitatem
1519 1106 1724 1192 augeatur.
1757 1097 1802 1174 Id

102 1229 232 1295 tamen
250 1220 515 1303 monendum,
541 1218 648 1312 qnod
663 1219 786 1318 iplbm
802 1217 1082 1312 Involucrum,
1107 1220 1173 1297 vel
1189 1219 1429 1305 universale,
1455 1222 1520 1300 vel
1534 1223 1718 1323 partiale,
1732 1223 1801 1300 vel

101 1370 153 1422 ex
180 1348 369 1440 utrisque
394 1343 655 1443 compostum
683 1343 740 1418 fit.
795 1345 1021 1446 Universale,
1058 1349 1244 1423 omnibus
1266 1350 1419 1424 ovariis
1450 1346 1564 1422 timul
1595 1347 1799 1450 prospicit,

101 1473 190 1548 &in
205 1472 348 1546 eodem
370 1481 560 1569 apparatu
580 1470 636 1545 sui
652 1493 734 1546 non
752 1470 871 1546 habet
892 1471 1035 1549 limile:
1059 1486 1105 1549 ut
1126 1474 1261 1574 spatha
1284 1474 1322 1547 in
1350 1471 1564 1560 Phoenice,
1587 1484 1634 1547 ut
1656 1477 1800 1568 vagina

101 1600 136 1672 in
158 1596 337 1694 Mayce,
363 1607 410 1670 ut
425 1596 593 1670 echinus
611 1598 648 1669 in
666 1594 946 1695 Castanealim.
968 1597 1154 1692 Partirle,
1179 1622 1287 1675 nunc
1307 1598 1474 1693 lingula,
1499 1620 1607 1674 nunc
1624 1600 1664 1674 δι
1682 1600 1800 1698 plura

99 1730 312 1820 aggregata
332 1724 371 1794 in
388 1719 472 1795 smu
492 1721 567 1804 suo,
580 1720 698 1797 fovet
716 1726 873 1806 ovaria,
898 1724 1012 1799 sedin
1027 1727 1167 1814 eodem
1185 1736 1376 1825 apparatu
1394 1726 1609 1822 repetitum
1627 1726 1800 1801 occurit}
1943 1813 1947 1820 p

99 1861 142 1924 ut
158 1849 299 1944 ligulae
323 1846 491 1947 Lupuli,
516 1855 562 1920 ut
585 1846 757 1940 squamae
784 1847 891 1942 Pini,
916 1860 962 1924 ut
986 1851 1106 1948 peltae
1129 1848 1323 1952 Cuprelli.
1372 1847 1535 1928 Mixtum
1557 1848 1727 1946 denique
1743 1873 1798 1968 ex

98 1978 274 2077 priorum
308 1984 483 2069 utroque
507 1972 722 2049 conflatum
753 1972 829 2058 est,
878 1982 925 2049 ut
950 1976 989 2048 in
1016 1975 1189 2065 Palmis,
1227 1975 1448 2076 Dipsaceis,
1484 1973 1797 2077 &Compositis

98 2121 229 2181 varus.

187 2311 252 2391 Aa
280 2310 564 2397 accidentales,
589 2312 655 2387 seu
674 2311 918 2391 extrinsecas
940 2308 1143 2387 frustuum
1160 2309 1392 2391 affeuiones
1415 2313 1629 2392 referimus
1649 2332 1799 2393 eorun-
1866 2397 1869 2402 ⁴

98 2440 181 2518 dem
202 2441 400 2537 figuram,
426 2431 659 2524 numerum,
683 2441 1013 2519 combinationem
1040 2449 1160 2535 atque
1182 2439 1310 2515 fitum.

187 2678 346 2774 Figura
365 2671 566 2750 snrstuum
583 2675 680 2752 adeo
695 2679 807 2753 varia
822 2686 941 2774 atque
954 2674 1167 2777 multiplex
1183 2676 1254 2762 est,
1280 2685 1328 2752 ut
1340 2678 1438 2764 alia,
1464 2701 1581 2773 quam
1596 2677 1799 2777 specialior

100 2799 179 2900 ejus
198 2802 423 2905 expolitio,
449 2803 760 2904 insequentibus
785 2804 993 2889 tradenda,
1020 2806 1094 2879 vix
1116 2804 1243 2878 ullum
1274 2804 1420 2881 habere
1445 2814 1565 2900 queat
1582 2803 1705 2879 usum.
1754 2802 1798 2880 Id

101 2939 220 3010 tamen
244 2933 470 3027 generatim
500 2928 786 3014 adnotandum,
812 2929 927 3024 'quod
954 2930 1085 3024 figura
1110 2933 1277 3030 propria
1295 2933 1449 3015 ovarii,
1475 2931 1629 3030 semper
1661 2932 1708 3006 ab
1734 2928 1799 3006 illa

101 3054 441 3134 muusuniverfi
460 3065 596 3133 curate
617 3055 800 3149 distingui
817 3053 973 3140 debeat,
998 3056 1037 3131 &
1061 3057 1167 3152 quod
1192 3057 1279 3132 haec
1302 3056 1518 3155 posterior,
1538 3058 1584 3146 in
1604 3051 1798 3135 frutiibus

102 3185 353 3268 amentaceis,
379 3184 624 3282 compofitiS,
657 3181 843 3257 tunicatis
868 3191 987 3275 atque
1009 3182 1295 3267 involucratis,
1329 3183 1482 3281 semper
1502 3185 1540 3256 in
1565 3189 1799 3280 computum
1830 3267 1836 3278 ⁸

101 3311 244 3395 veniat,
281 3333 504 3407 eorumque
535 3308 706 3387 multum
730 3302 894 3403 adjuvet
914 3309 1126 3403 diagnofin.
1176 3308 1222 3383 In
1250 3309 1490 3384 amentaceis
1518 3327 1683 3407 nempe,
1708 3309 1797 3381 uni·

102 3434 200 3509 versi
213 3432 372 3512 frustus
387 3436 536 3524 forma,
563 3458 717 3531 magnae
728 3435 908 3510 utilitatis
926 3434 984 3510 est
1007 3438 1044 3508 in
1064 3435 1298 3513 definiendis
1311 3459 1448 3510 earum
1462 3433 1683 3532 speciebus3
1706 3455 1799 3508 nam

101 3555 200 3646 Pini,
224 3557 393 3666 Thujae‚
419 3562 667 3648 Casuarinae,
698 3562 864 3661 species,
901 3563 1030 3637 multo
1054 3561 1207 3638 facilius
1239 3566 1445 3655 tutiusque
1471 3582 1495 3633 a
1524 3556 1799 3652 strobilorum,

102 3705 212 3778 quam
232 3712 256 3762 a
281 3687 470 3766 foliorum
490 3690 653 3765 suorum
675 3690 806 3765 forma
828 3691 875 3763 ab
901 3691 1070 3766 invicem
1092 3688 1398 3784 distinguuntur.
1432 3688 1477 3761 In
1497 3680 1720 3781 conjugatis
1735 3705 1798 3758 au·

102 3820 175 3906 tem
201 3824 323 3908 atque
351 3815 578 3914 compositis
603 3812 826 3894 fructibus,
854 3815 985 3908 figura
1017 3818 1141 3888 totius
1177 3816 1280 3915 saepe
1313 3812 1475 3911 majoris
1500 3811 1692 3908 momenti
1722 3807 1797 3893 est,

101 3957 209 4030 quam
225 3941 304 4041 ipsa
318 3939 433 4016 lioris
446 3941 599 4028 sorma3
628 3963 769 4042 parum
788 3943 895 4018 enim
917 3943 954 4012 in
972 3939 1322 4015 Umbelliferarum
1347 3942 1575 4038 cognitione
1588 3936 1797 4037 proficies,

100 4062 241 4159 absque
262 4070 403 4143 notitia
427 4067 571 4163 figurae
592 4064 772 4153 frustum
806 4067 845 4142 ὅ(
865 4067 952 4139 haec
980 4086 1140 4159 quoque
1159 4063 1397 4162 potissimum
1422 4063 1658 4139 consulenda
1680 4061 1798 4138 estin

101 4186 328 4269 definiendis
351 4191 565 4279 Annouae,
598 4192 788 4275 Uvariae,
819 4189 1007 4290 Xylopiae
1031 4191 1102 4265 &o
1130 4190 1340 4286 speciebus.
1391 4190 1449 4267 Et
1479 4193 1531 4265 ita
1564 4210 1725 4285 quoque
1759 4189 1797 4259 ln

101 4312 288 4395 fiustibus
308 4320 554 4396 tunicatis&
576 4323 862 4405 involucratis,
887 4319 1016 4413 ligura
1041 4311 1197 4389 sruttus
1215 4316 1388 4391 universi
1407 4317 1626 4416 praesertur
1641 4314 1680 4389 δι
1691 4334 1798 4412 prae·

101 4437 194 4516 ferri
217 4448 335 4521 etiam
361 4460 539 4524 meretur
555 4447 700 4541 ligurae
718 4449 845 4523 ovarii
867 4444 1062 4542 propriae:
1089 4464 1180 4515 nam
1199 4443 1236 4514 in
1255 4439 1487 4528 Ambrosia,
1513 4441 1689 4518 Xanthio
1703 4491 1713 4523 ,
1729 4437 1797 4511 Li·

101 4563 355 4661 thagrostide,
381 4573 551 4657 Basella,
581 4570 762 4671 Spinacia
778 4573 848 4647 &c
865 4568 969 4644 haud
991 4589 1165 4661 unquam
1193 4573 1357 4668 propria
1377 4572 1528 4652 ovarii,
1554 4569 1617 4644 sed
1643 4560 1729 4661 ejus
1749 4563 1797 4636 ab

97 4690 328 4771 indumento
347 4699 416 4773 suo
432 4699 574 4778 larvati
597 4699 728 4793 ligura
746 4701 784 4771 in
794 4694 953 4771 censum
973 4695 1087 4770 venit
1105 4691 1263 4768 &inter
1279 4699 1489 4790 genericos
1511 4694 1669 4769 istarum
1685 4689 1796 4788 plan·

101 4822 229 4894 tarum
244 4820 491 4898 charasteres
508 4826 710 4922 recipitur.
759 4820 802 4899 A
817 4824 975 4898 cultura
1004 4820 1146 4916 saepius
1159 4821 1355 4896 notabiles
1368 4823 1520 4920 patitur
1535 4818 1795 4912 mutationes,

103 4945 198 5020 utin
217 4945 353 5044 Pyro,
383 4947 546 5037 Pruno,
569 4947 758 5051 Caplico,
782 4947 898 5034 Vite,
925 4944 1177 5041 Maugisera;
1213 4955 1347 5023 cetera
1369 4969 1473 5025 vero
1492 4945 1584 5020 satis
1609 4936 1794 5137 οοηΙὶεὶηίῗ

1735 5085 1759 5135 e
