4567 5959
785 521 788 526 ⁴
836 503 1147 558 ⁸¹¹.....¹¹¹¹:.¹'¹...-....,
1283 551 1286 555 .
1775 522 1843 582 vn

132 718 178 782 at
207 709 352 784 matris
370 705 563 792 medulla,
600 707 642 783 in
662 703 748 782 aliis
769 704 857 781 fere
883 705 1047 801 liquida,
1087 706 1225 784 sensim
1249 707 1290 780 in
1311 704 1501 795 farinam,
1534 716 1605 787 aut
1628 714 1846 813 pulverem

131 835 425 933 impalpabilem
450 825 645 928 cogatur;
683 836 724 907 in
742 835 829 908 aliis
848 846 983 910 autem
1012 836 1078 910 illa
1104 836 1203 933 ipsa,
1235 833 1355 932 paulo
1385 838 1511 930 magis
1538 837 1716 916 solida&
1742 847 1848 920 intra
1958 854 1963 861 '

133 961 368 1036 cellulosum
397 970 637 1035 contextum
667 960 875 1045 nidulans,
907 961 1048 1060 sponte
1079 964 1119 1035 in
1155 960 1373 1036 moleculas
1411 962 1597 1040 discretas
1624 972 1845 1065 partiatur,

131 1088 288 1162 cellulis
321 1085 403 1162 istis
436 1088 538 1186 saepe
567 1111 622 1164 ex
652 1086 728 1161 alse
758 1087 1009 1163 conformes:
1049 1096 1103 1163 ita
1135 1086 1395 1187 impalpabilis
1418 1086 1482 1163 ille
1510 1091 1645 1188 pulvis
1676 1092 1846 1193 proliser

127 1211 396 1307 Fungorum,
432 1214 547 1288 &ita
572 1235 733 1308 quoque
765 1216 1037 1308 germinantes
1063 1212 1276 1291 braibeolae
1299 1214 1588 1314 Hepaticarum
1606 1219 1845 1300 formantur.

128 1338 254 1413 Prior
275 1348 411 1413 autern
430 1338 681 1414 formationis
706 1340 851 1414 modus
870 1342 998 1416 multo
1024 1341 1333 1437 frequentior&
1348 1343 1535 1418 omnibus
1553 1345 1719 1448 reliquis
1735 1373 1847 1444 gem·

127 1487 288 1541 marum
309 1465 511 1563 speciebus
536 1468 761 1542 communis
784 1466 851 1543 est.
901 1466 947 1541 ln
967 1469 1032 1543 his
1049 1490 1212 1565 nempe,
1245 1468 1352 1563 quod
1372 1468 1530 1563 quidem
1548 1467 1686 1546 Solani
1706 1478 1849 1551 tubera

125 1590 167 1665 dr
191 1589 318 1666 Ulvae
342 1595 525 1690 inprimis
549 1594 861 1667 membranaceae
886 1594 992 1671 clare
1014 1595 1115 1671 visui
1141 1592 1339 1678 offerunt,
1380 1618 1502 1672 novae
1525 1600 1712 1676 medullae
1739 1591 1849 1679 initia

128 1717 362 1792 constanter
379 1743 435 1793 ex
450 1721 616 1815 quadam
632 1730 828 1794 maternae
851 1721 1039 1795 medullae
1057 1729 1216 1803 atomo,
1242 1721 1355 1796 succo
1378 1727 1547 1798 nutritio
1572 1748 1660 1823 prae
1684 1725 1849 1823 reliquis

129 1844 354 1937 turgida&
377 1849 512 1923 cortici
537 1850 687 1946 plantae
711 1848 870 1922 interno
894 1850 1086 1946 proxima
1104 1844 1326 1944 procedere
1349 1849 1555 1924 videmus:
1583 1853 1649 1925 iila
1669 1856 1847 1952 primum
1933 1891 1937 1898 ·

128 1969 350 2070 pellucida‚
382 1973 496 2048 brevi
520 1972 609 2071 post
627 1973 735 2069 quali
758 1973 944 2068 grumosa
969 1974 1078 2048 fit&
1099 1973 1255 2046 miculae
1280 1971 1368 2048 salis
1397 1986 1466 2048 aut
1494 1976 1630 2070 glaciei
1659 1980 1846 2067 adinstar,

128 2097 337 2172 turbidula
363 2098 542 2174 albedine
565 2099 763 2198 splendet3
787 2109 903 2198 capto
925 2109 1057 2174 autem
1086 2094 1226 2193 majori
1253 2098 1519 2187 incremento,
1550 2112 1636 2177 tota
1664 2106 1846 2181 redditur

127 2250 259 2324 opaca
274 2224 314 2299 ἃ
328 2223 468 2300 senfim
491 2227 529 2298 in
552 2228 768 2321 grauulum
790 2224 1017 2327 carnosum,
1039 2222 1182 2297 nilnisr
1204 2226 1340 2299 colore
1361 2250 1385 2300 a
1403 2229 1545 2302 vicinis
1562 2232 1744 2326 partibus
1766 2233 1846 2308 dis·

128 2365 314 2437 cretum,
339 2353 528 2436 duratur,
554 2353 660 2446 quod
670 2348 753 2447 jam
772 2347 855 2449 jam
870 2352 991 2450 supra
1010 2349 1205 2443 reliquam
1229 2351 1438 2426 medullam
1464 2351 1668 2451 paululum
1694 2362 1846 2453 promi-

128 2499 261 2562 nens,
299 2479 422 2577 ipsum
451 2500 572 2554 novae
605 2478 791 2553 medullae
826 2476 1108 2578 primordium,
1155 2500 1201 2550 ac
1227 2478 1403 2574 primum
1443 2478 1638 2553 nascentis
1674 2502 1846 2574 gemmae

128 2607 278 2681 vivum
296 2603 447 2681 stanles}
468 2603 534 2681 eila
587 2602 704 2679 Ultra
727 2605 1011 2680 formationem
1036 2597 1156 2699 hujus
1177 2605 1358 2696 granuli,
1393 2606 1534 2678 matris
1565 2604 1737 2680 medulla
1762 2629 1846 2681 non

126 2730 356 2829 procedere
373 2730 505 2830 potest
521 2724 620 2816 solai,
650 2730 715 2834 sed
733 2733 800 2806 ubi
814 2712 921 2806 bunc
934 2732 1152 2806 terminum
1166 2728 1331 2805 assecuta
1345 2729 1419 2815 est,
1445 2738 1542 2803 tunc
1556 2730 1693 2806 &aliae
1710 2745 1848 2831 partes
1905 2732 1912 2743 ‘

126 2858 175 2928 in
193 2856 442 2933 consortium
462 2856 622 2932 fabricae
637 2857 873 2944 trahuntur,
899 2857 939 2932 ἃ
960 2857 1170 2955 proprius,
1198 2864 1290 2930 ante
1308 2858 1475 2942 omnia,¹
1488 2861 1659 2954 granulo
1680 2860 1848 2936 struitur

127 2989 296 3058 cortex.

234 3192 397 3271 Cortex
421 3218 586 3295 nempe,
626 3199 752 3274 altera
775 3216 872 3296 pars
895 3194 1107 3272 effentialis
1135 3216 1326 3289 gemmae,
1369 3197 1602 3273 moderatur
1627 3196 1850 3294 &adjuvat

128 3322 362 3398 substantiae
383 3324 614 3399 medullaris
640 3326 955 3408 incrementum,
980 3347 1025 3395 ac
1043 3329 1169 3395 totam
1186 3322 1325 3397 definit
1346 3325 1552 3422 propriam
1572 3347 1743 3418 gemmae
1765 3324 1849 3398 for·

128 3473 265 3525 mam:
297 3450 390 3523 hinc
413 3450 504 3524 latis
530 3461 689 3526 mature
713 3453 907 3544 gignitur,
935 3473 979 3522 ac
999 3449 1146 3544 triplici
1172 3445 1413 3545 potissimum
1435 3450 1555 3525 modo
1572 3453 1743 3545 granulo
1765 3453 1849 3548 pri-

130 3576 321 3652 mordiali
346 3575 591 3652 insternitur.
637 3576 779 3652 Primus
793 3576 833 3650 &
848 3573 1148 3673 simplicissimus
1165 3573 1243 3660 est,
1266 3597 1357 3647 cum
1370 3577 1522 3649 extima
1534 3578 1693 3670 granuli
1714 3577 1849 3676 super-

129 3703 266 3786 ficies,
297 3704 481 3776 interiori
504 3698 595 3798 ejus
618 3702 839 3779 substantiae
859 3725 935 3800 pro
953 3703 1233 3794 integumento
1248 3697 1464 3778 inservit&
1478 3703 1516 3773 in
1531 3700 1743 3775 tenuiffimi
1759 3724 1849 3775 cor-

128 3835 224 3908 ticis
256 3831 449 3930 speciem,
489 3831 557 3904 vel
584 3831 724 3928 sponte
748 3828 973 3913 induratur,
1002 3828 1154 3902 velex
1180 3828 1382 3923 proximis
1405 3825 1638 3902 cellularum
1664 3825 1852 3900 medullae

133 3968 339 4035 maternae
360 3957 580 4053 parietibus
600 3958 872 4055 depromitur:
897 3956 949 4026 ita
964 3951 1217 4050 Propagines
1232 3971 1394 4034 omnes,
1421 3951 1493 4028 vel
1508 3953 1689 4028 indurato
1714 3976 1851 4038 muco,
1883 3933 1885 3937 ⁵
1947 3955 1954 3969 ‘

134 4086 215 4164 vel
233 4083 393 4158 cellulis
417 4081 641 4159 substantiae
662 4080 857 4162 carnosae,
889 4081 1092 4154 corticatae
1112 4078 1215 4152 sunt
1285 4072 1458 4154 Secundus
1481 4077 1555 4163 est,
1589 4079 1748 4173 quando
1773 4080 1854 4178 ipse

132 4211 284 4285 matris
300 4217 467 4291 cortex,
491 4230 569 4302 qua
583 4220 700 4307 parte
719 4206 891 4302 granulo
913 4205 1120 4288 incumbit,
1146 4212 1259 4277 totus
1276 4214 1451 4295 quantus
1478 4205 1515 4275 in
1536 4226 1708 4300 gemmae
1730 4210 1852 4282 corti·

135 4315 536 4412 cem'convertirur:
572 4334 624 4409 src
649 4332 830 4428 Gongyli
854 4352 997 4406 omnes
1018 4332 1169 4405 cortice
1195 4340 1375 4405 materno
1403 4330 1632 4405 induuntur.
1715 4329 1855 4408 Tertius

137 4462 316 4556 denique
340 4460 503 4544 modus,
531 4461 645 4553 isque
662 4461 840 4532 omnium
861 4457 1199 4552 frequentissimus
1218 4435 1307 4540 est,
1322 4478 1411 4530 cum
1427 4457 1474 4531 ad
1495 4456 1746 4531 formandum
1769 4477 1853 4548 gra·

137 4588 225 4661 nuli
253 4587 468 4669 corticem,
505 4586 674 4658 interior
706 4584 904 4660 duntaxat
926 4586 1066 4658 matris
1093 4593 1237 4657 cortex
1271 4583 1377 4656 suam
1418 4584 1575 4659 confert
1609 4581 1854 4677 symbolam,

137 4715 331 4787 exterior
347 4719 481 4786 autem
496 4713 535 4782 in
552 4729 685 4786 meras
699 4732 870 4804 gemmae
892 4719 1029 4808 partes
1052 4705 1280 4784 accessorius
1292 4710 1397 4791 abit,
1423 4705 1489 4782 vel
1509 4708 1548 4781 δι
1570 4709 1687 4806 plane
1708 4706 1854 4803 disper·

139 4839 275 4916 ditur:
298 4839 342 4915 id
369 4843 412 4914 in
431 4838 529 4915 solis
551 4837 723 4931 gemmis
746 4834 974 4935 compositis
995 4833 1036 4910 &
1056 4833 1131 4909 hac
1156 4835 1314 4929 quidem
1343 4835 1500 4909 ratione
1527 4833 1597 4928 fit,
1626 4842 1673 4910 ut
1699 4834 1853 4931 primo,
1908 4858 1917 4874 ·

1695 4978 1855 5031 merum
