4567 5959
525 521 646 578 ctxn
1209 511 1517 573 a

673 719 852 831 repr-lu,
878 743 1050 820 quarum
1069 705 1229 801 laminae
1251 745 1379 824 prope
1402 720 1624 814 marginem
1645 712 1920 791 tantummodo
1943 716 2164 788 incantatio

725 850 863 956 plagas
882 863 1086 946 curvatae,
1111 855 1152 926 in
1170 852 1450 927 medicantem
1469 845 1522 920 iic
1539 844 1630 922 latis
1643 846 1802 946 planae,
1828 843 1895 919 vel
1911 851 1951 915 et
1966 839 2108 914 rotundo
2121 861 2164 911 an·

695 1056 702 1063 ,
728 979 825 1076 gulo
837 987 988 1053 notatae
1004 979 1113 1054 sunta
1138 978 1231 1054 hinc
1248 979 1366 1052 etiarn
1385 969 1581 1077 figmoidea
1595 982 1639 1046 et
1656 967 1798 1050 andalo
1812 967 2010 1044 dicuntur:
2032 961 2166 1039 inAbro

725 1114 852 1190 mate,
878 1102 997 1192 Tilia,
1025 1101 1169 1190 Callia,
1197 1100 1399 1199 Phryma,
1431 1098 1675 1198 Fagopyrm

668 1254 833 1358 plicata,
859 1279 952 1354 quaa
971 1256 1142 1334 fimbriae
1165 1257 1361 1334 manualia
1376 1251 1548 1332 adinitar
1565 1253 1604 1324 in
1619 1269 1744 1346 rugas
1769 1247 1977 1327 verticales
1997 1255 2057 1322 aut
2077 1254 2166 1319 mna

725 1382 899 1470 versatas
922 1386 1132 1478 contiguas
1153 1385 1310 1486 plicatae
1325 1381 1432 1456 sunt:
1457 1381 1497 1455 in
1522 1374 1735 1456 Sebestena
1754 1387 1797 1452 et
1818 1375 1994 1475 lpomoea
2014 1367 2168 1476 (inanit,

726 1531 898 1585 necnon
921 1513 962 1583 in
985 1509 1196 1608 Myrilb'ca
1218 1504 1427 1610 doffyloidn

529 1711 536 1726 ι
672 1659 861 1762 lacunosa,
886 1685 1058 1759 quarum
1074 1664 1169 1739 solae
1183 1665 1340 1782 paginae
1363 1665 1536 1736 internae
1555 1656 1722 1734 rudibus
1742 1665 1786 1732 et
1802 1651 1937 1732 craffis
1961 1650 2060 1751 plicis
2071 1666 2168 1722 exara·

723 1788 902 1865 taeiunt:
928 1793 969 1866 in
988 1788 1138 1876 Cacao,
1161 1787 1296 1884 Fago,
1321 1785 1541 1884 Caryolobi
1572 1794 1646 1859 etc.

624 1999 765 2082 Volutae
785 2003 1145 2105 apraecedentibus
1161 2005 1347 2082 omnibus
1365 1999 1578 2083 differunt,
1603 1997 1711 2094 quod
1726 2018 1864 2073 earum
1885 1996 2035 2069 laminae
2048 1989 2169 2064 ioliaccae

523 2138 642 2224 atque
672 2125 866 2205 latillimae
891 2133 994 2207 circa
1023 2133 1206 2227 globum,
1238 2143 1309 2205 aut
1336 2126 1587 2227 cylindrum,
1625 2135 1696 2200 aut
1724 2126 1847 2202 semet
1878 2125 1976 2224 ipsas
1999 2121 2096 2200 vario
2117 2137 2170 2187 no

525 2257 576 2332 do
620 2255 855 2334 convolutae
895 2257 935 2331 ἃ
970 2255 1184 2335 lecrmdum
1224 2276 1368 2333 omnes
1410 2250 1650 2329 diretiiones
1690 2260 1877 2331 curvatae
1918 2251 2001 2328 lint.
2045 2244 2111 2324 Sub
2132 2239 2170 2313 his

521 2387 694 2462 militant

667 2595 882 2798 congrat}
922 2591 1251 2696 cochlearisormer:
1292 2597 1334 2671 in
1367 2592 1581 2693 Myristica
1616 2590 1779 2697 officiarii
1791 2647 1804 2681 ,
1844 2587 2048 2669 Corcboro
2075 2574 2171 2659 onon

792 2724 901 2811 allisa

669 2833 906 2971 conglobato,
927 2878 999 2958 seu
1023 2881 1066 2954 in
1090 2879 1287 2979 sphaeram
1310 2887 1435 2956 extus
1463 2877 1664 2972 glabram,
1690 2876 1801 2951 intua
1828 2881 1966 2950 autem
1985 2871 2077 2968 saepe
2096 2855 2173 2936 vario

720 3001 841 3076 modo
854 3004 1056 3102 plicatam,
1078 3005 1287 3083 formatae:
1312 3010 1354 3081 in
1372 3003 1576 3089 Mirabili,
1600 3000 1856 3099 Memecylo,
1876 2976 2173 3101 Raphannssnl·

721 3124 797 3199 lica
809 3180 820 3213 ,
847 3126 985 3230 Slnapi
1008 3132 1084 3210 &a

668 3276 880 3368 ronvolutae,
906 3281 1080 3361 strictius
1096 3284 1291 3372 licdittae,
1315 3287 1355 3363 δι
1368 3281 1556 3382 squidem:
1581 3288 1634 3359 1⁰.
1653 3280 1868 3382 cylindrum,
1894 3303 1988 3378 quae
2002 3268 2176 3370 ssmpliciter

563 3485 583 3494 ,,
722 3407 765 3502 in
790 3431 937 3486 cavum
968 3412 1196 3509 cylindrum
1226 3414 1460 3492 convolutae
1491 3411 1609 3486 sunt:
1657 3412 1697 3483 in
1726 3407 1886 3486 Pitonia
1916 3408 1965 3485 2&
1989 3390 2177 3482 Boerhaviat
2237 3390 2239 3467 ἶ

718 3535 779 3605 2⁰.
790 3532 962 3632 spirulas,
987 3560 1157 3633 quarum
1182 3539 1346 3614 laminae
1358 3539 1536 3612 foliaceae
1554 3538 1657 3610 circa
1678 3536 1895 3612 radiculam
1920 3544 1990 3612 aut
2010 3518 2177 3631 pinnulam
2237 3508 2239 3597 l

712 3659 755 3731 in
770 3659 914 3757 spiram
933 3660 1031 3738 attae
1050 3663 1161 3738 sunt:
1186 3665 1227 3737 in
1245 3663 1428 3762 Ayenia,
1452 3663 1620 3746 Punica,
1646 3660 1908 3746 Terminalia,
1936 3650 2177 3755 Myrobalann
2238 3620 2239 3661 ¹

721 3778 965 3888 Gyrocarpo
987 3789 1059 3865 &o
1086 3794 1141 3882 3⁰.
1165 3786 1583 3888 inputata-convoluta,
1607 3809 1777 3883 quarum
1807 3811 1951 3884 margo
1985 3769 2179 3873 uterqucin

715 3911 887 3989 mediam
909 3920 1093 4014 paginam
1124 3918 1321 3993 internam
1343 3917 1538 4016 spiraliter
1560 3913 1745 3991 reflexus
1768 3914 1844 3991 est:
1867 3917 1911 3990 in
1939 3889 2179 3990 Nelumbn&

715 4043 781 4133 4⁰·
799 4041 1033 4139 vaginatus,
1059 4063 1230 4138 quarum
1245 4043 1392 4118 lamina
1412 4045 1618 4125 exterior,
1643 4041 1864 4142 cylindrice
1881 4039 2104 4118 convoluta,
2122 4046 2181 4098 ιω·

713 4166 904 4263 plenitur
929 4172 1152 4256 bremam,
1185 4169 1708 4270 dumam-convoiuam:
1747 4174 1793 4245 in
1824 4167 2032 4252 Aonian,
2053 4158 2181 4239 nivini,

718 4287 855 4369 Gaura
871 4294 943 4377 &a
1103 4335 1110 4346 ·

662 4445 980 4544 contortiplicata,
1005 4473 1098 4546 quae
1115 4448 1379 4529 inextricabili
1397 4448 1485 4524 fere
1501 4450 1619 4526 modo
1632 4449 1747 4526 limul
1768 4449 1925 4551 plicatae
1941 4451 1982 4528 δι
1994 4440 2183 4523 convoluta

715 4568 817 4644 sunt.
867 4571 934 4650 Ab
960 4586 1133 4655 externa
1161 4578 1380 4655 voluminis
1405 4576 1463 4651 sui
1495 4577 1626 4653 forma
1648 4577 1854 4654 dicuntur:
1896 4559 2183 4678 cynoceptotoidta

716 4716 808 4789 quac
818 4701 928 4775 canis
940 4708 1114 4780 venatici
1127 4715 1347 4804 caputcum
1361 4707 1553 4781 auriculis
1561 4707 1746 4802 pendulis
1758 4705 2051 4802 quodaminodo
2066 4705 2184 4792 replae·

712 4820 890 4911 lentant,
914 4831 1024 4904 utin
1048 4829 1236 4928 Abutilo‚
1267 4832 1444 4918 Althaea,
1478 4830 1656 4931 Napaea,
1693 4833 1851 4918 Malva,
1884 4831 2097 4908 Lavatera,
2123 4817 2183 4892 &⁶5

713 4945 755 5025 δι
772 4949 1030 5058 cqufialoldeo,
1055 4980 1147 5054 quae
1168 4961 1424 5038 immaturum
1439 4961 1681 5059 papilionem
1702 4964 1805 5037 intra
1827 4957 2085 5058 chrysalirlem
2104 4947 2184 5022 imm

1364 5123 1369 5132 ·
2015 5076 2182 5179 jacentem
