4567 5959
850 521 1157 581 ω
1753 511 1853 576 xx!

154 756 301 813 omnes
326 736 444 811 illaea
464 731 669 809 Maesio
689 731 781 806 satae
799 728 983 813 stellulae,
1006 727 1181 827 illapsqe
1201 726 1368 826 capsulis
1387 723 1674 808 vero-semine,
1698 730 1746 797 ut
1762 724 1853 798 vult

156 863 481 939 Hauwrorus
508 857 572 957 (1)
599 856 1015 939 fuerintadulteratae3
1057 856 1095 930 δι
1113 855 1237 930 multo
1253 856 1378 928 adhuc
1400 858 1551 937 minus,
1584 851 1689 947 quod
1718 849 1850 923 HAL-

155 1011 254 1062 uaa
268 1008 350 1079 us,
382 986 581 1083 plantulas
598 1010 621 1057 e
639 982 777 1056 solutis
797 982 835 1056 ἃ
858 981 1033 1057 sortuito‘
1047 980 1187 1079 sparus
1211 979 1314 1054 llinii
1337 981 1548 1057 seminibus
1571 990 1726 1059 enatas,
1761 996 1853 1048 cum

155 1113 315 1188 fixis&
342 1114 445 1184 intra
470 1111 625 1184 rosulas
641 1111 961 1203 germinantibus
978 1106 1264 1206 propaginibus
1283 1109 1463 1205 potuerit
1482 1107 1744 1188 confundere:
1785 1118 1857 1210 qui

156 1236 343 1336 expresse
363 1236 465 1309 dicat
489 1233 602 1332 (a),
628 1234 666 1310 se
689 1234 850 1310 novella
871 1257 924 1308 ex
944 1233 1184 1332 pulvisculis
1205 1231 1491 1307 foliolacoram
1522 1237 1669 1313 videre.
1726 1243 1769 1321 Si
1788 1275 1854 1329 au.

154 1375 242 1439 tem
262 1362 603 1439 observationibus
633 1362 710 1436 illis
735 1338 818 1434 non
842 1360 1072 1453 deneganda
1093 1359 1211 1442 sides3
1250 1336 1287 1440 sl,
1303 1357 1342 1432 &
1364 1369 1562 1458 praeterea
1585 1363 1854 1470 folliculorum

157 1488 322 1566 istorum
341 1486 564 1562 luculenter
586 1510 608 1561 a
627 1489 739 1564 veris
753 1485 933 1561 sotheris
949 1485 1222 1584 discrepantes
1242 1484 1334 1560 sunt
1347 1483 1576 1578 qualitates:
1612 1496 1855 1593 quidqureso

157 1616 306 1688 rationi
328 1614 455 1706 magis
477 1614 802 1704 consentaneum,
825 1633 944 1705 quam
961 1621 1028 1695 ut,
1051 1620 1263 1711 praeeunte
1289 1605 1623 1694 scamnum
1649 1619 1747 1719 (3),
1784 1630 1856 1708 du.

157 1741 260 1840 plex
282 1741 321 1810 in
349 1735 508 1814 nauseis
530 1738 722 1820 statuatur
744 1741 1045 1837 propagationis
1067 1757 1269 1829 organon,
1313 1737 1461 1834 plantis
1489 1740 1595 1827 illis,
1633 1748 1674 1821 in
1691 1773 1856 1832 neom.

159 1868 239 1940 ruia
258 1861 427 1939 Naturae
448 1865 546 1939 adeo
566 1864 728 1940 utilibus
744 1875 862 1958 atque
882 1861 1106 1940 raeoeffariis
1123 1861 1364 1947 conoessum,
1388 1886 1469 1960 quo
1493 1866 1533 1942 tr
1547 1869 1696 1965 largior
1715 1877 1755 1954 dc
1771 1904 1858 1958 cer·

158 1995 244 2068 tior
263 1989 361 2066 esl'et
380 2014 518 2065 carum
541 2001 791 2090 proventum
815 2010 932 2085 quam
951 1988 1112 2084 quidem
1138 2011 1215 2087 per
1235 1987 1316 2062 sola
1333 1988 1400 2064 sua
1421 1995 1672 2075 minutula&
1694 2012 1757 2079 tot
1776 2006 1860 2083 sini.

159 2118 255 2194 stris
285 2116 438 2191 casrbus
460 2113 630 2213 subjeda
646 2115 837 2192 &mitrula
851 2116 944 2192 feri
957 2110 1172 2214 potuisset?
1212 2113 1251 2187 dt
1276 2116 1583 2212 consequenter,
1618 2127 1712 2219 quid
1735 2138 1862 2229 magis

160 2247 359 2340 analogiae
389 2265 549 2337 quoque
575 2239 731 2336 legibus
752 2241 987 2325 conforme,
1025 2263 1143 2335 quam
1168 2249 1216 2315 ut
1236 2262 1377 2316 omnes
1402 2244 1456 2316 illi
1478 2243 1670 2337 folliculi,
1705 2257 1863 2353 aliaque

165 2371 260 2470 ipfis
285 2369 421 2445 similia
440 2370 697 2467 corpuscula,
724 2368 772 2441 ad
791 2366 975 2463 slmplicis
1000 2367 1271 2459 vegetationis
1289 2366 1522 2452 ⁴reserantur
1541 2396 1709 2472 organa,
1733 2381 1863 2472 donec

166 2496 323 2591 quidem
344 2497 589 2570 contrarium
605 2498 723 2571 novis
738 2494 947 2578 evincatur
962 2491 1212 2569 documentis
1230 2502 1349 2588 atque
1379 2457 1553 2580 mascirla
1575 2519 1713 2578 eorum
1735 2507 1861 2604 digni.

164 2633 249 2707 tas,
274 2630 392 2698 extra
412 2644 532 2696 omne
555 2629 730 2721 ponatur
743 2614 941 2694 dublum?

266 2834 426 2931 Agmen
447 2835 617 2930 denique
636 2835 791 2909 claudat
808 2828 1060 2934 Lycopodium
1092 2832 1199 2928 quod
1217 2834 1319 2942 saepe
1340 2836 1378 2908 in
1401 2836 1536 2913 eadem
1557 2836 1677 2939 stirpe
1700 2845 1867 2947 duplicis

164 2960 315 3037 formae
333 2963 493 3045 semina,
520 2962 559 3037 ἃ
577 2974 728 3060 praeter
745 2962 848 3052 haec‚
878 2960 1064 3034 soliaceas
1085 2982 1247 3055 quoque
1265 2981 1460 3053 geruntus,
1493 2963 1703 3045 seminibus
1720 2996 1868 3074 perpe..
1941 2977 1946 2985 ’

165 3111 257 3161 ram
278 3099 580 3173 annumeratas,
606 3088 800 3186 producit.
849 3086 952 3162 Cum
977 3108 1148 3181 gemmae
1168 3087 1247 3158 illae
1262 3110 1315 3159 ex
1338 3088 1551 3191 manifestis
1575 3110 1869 3193 componantur

165 3212 339 3296 foliolis,
387 3213 693 3310 &reliquarum
718 3234 878 3309 quoque
901 3212 1486 3310 compositarumogemmarum
1519 3240 1650 3303 more,
1688 3239 1870 3322 apertee

167 3338 361 3413 foliorum
383 3341 515 3414 axillis
539 3341 792 3415 enascantur:
836 3336 930 3411 nihil
951 3360 1019 3412 eas
1040 3340 1304 3423 morabimur,
1348 3341 1410 3419 sed
1435 3341 1470 3417 id
1493 3353 1647 3421 tantum
1668 3348 1869 3440 adnotabi-

169 3486 287 3557 mus,
327 3465 433 3558 quod
450 3463 661 3539 Lmam
688 3464 764 3562 (4.)
793 3468 833 3536 in
856 3463 1071 3538 earundem
1093 3463 1266 3556 diagnosi
1288 3466 1667 3546 &denominatione
1692 3479 1871 3554 commis·

115 3697 121 3706 ι
168 3591 239 3670 sus
258 3613 395 3684 error,
421 3591 519 3666 adeo
540 3590 588 3665 sit
617 3591 839 3690 palpabilis,
865 3591 912 3663 u't
929 3592 965 3662 in
982 3592 1059 3665 hoc
1080 3591 1162 3665 solo
1183 3592 1385 3686 sequacem
1405 3594 1588 3672 habuerit
1607 3601 1823 3676 neminem.

274 3806 377 3880 Haec
399 3806 590 3881 sufficiant
611 3806 658 3882 de
681 3808 850 3900 gemmis
874 3804 1176 3902 simplicioribus
1201 3814 1314 3880 caute
1330 3830 1359 3879 a
1380 3809 1495 3882 veris
1513 3808 1694 3907 partibus
1716 3809 1875 3888 frattin-

172 3934 343 4007 cationis
369 3931 640 4007 discernendis
662 3934 819 4008 monita.
860 3929 923 4003 De
944 3930 1170 4026 composrtis
1195 3943 1327 4005 autem
1351 3934 1619 4027 gemmisheic
1641 3936 1771 4013 dicere
1793 3960 1876 4013 non
1928 3925 1935 3934 ⁵

173 4081 283 4157 opus
304 4058 379 4131 est:
403 4058 719 4152 quandoquidem
737 4067 820 4130 tota
838 4057 902 4128 sua
917 4056 1063 4128 fabrica
1083 4057 1335 4150 atquesacie,
1377 4060 1429 4131 ita
1452 4083 1473 4131 a
1495 4061 1606 4133 veris
1625 4058 1819 4142 frustibus
1837 4066 1877 4144 dt

173 4186 390 4262 seminibus
411 4182 617 4269 differant,
644 4195 688 4257 ut
709 4185 776 4259 vel
793 4185 920 4279 prima
942 4180 1075 4255 fronte
1104 4183 1258 4274 agnosci
1279 4184 1318 4258 dt
1337 4182 1385 4255 ab
1403 4183 1465 4258 his
1486 4186 1798 4284 omnitempore
1820 4189 1878 4266 sa·

164 4311 323 4421 ‘cillime
342 4308 506 4383 discerni
524 4321 682 4404 queant.
733 4307 864 4383 Missis
891 4310 1012 4402 igitur
1034 4329 1141 4380 nunc
1164 4311 1352 4400 gemmis,
1388 4308 1434 4382 ad
1456 4308 1625 4384 alterum
1646 4314 1878 4409 progredie-

176 4462 271 4513 mur
296 4438 593 4534 propagationis
616 4458 815 4530 organon‚
850 4435 957 4528 quod
971 4431 1141 4510 formam
1166 4434 1271 4509 suam
1296 4419 1377 4508 non
1400 4433 1491 4510 solis
1509 4441 1793 4530 vegetationis,
1814 4440 1880 4522 sed

176 4564 296 4639 simul
312 4584 472 4657 quoque
488 4561 797 4637 foecundationis
819 4562 976 4639 viribus
996 4562 1132 4648 debet,
1168 4560 1329 4656 &quod
1347 4563 1412 4637 sua
1425 4585 1479 4641 ex
1496 4586 1578 4640 ovo
1596 4561 1718 4639 uahit
1737 4568 1855 4645 initia.

387 4786 390 4789 .
1684 4689 1881 4771 CAPVT.

224 4789 271 4869 1.)
295 4790 420 4850 Huuw.
441 4783 460 4848 l.
476 4808 499 4847 c.
520 4789 556 4848 ll.
576 4807 605 4868 p.
620 4802 663 4860 52.
1093 4788 1141 4870 3.)
1165 4783 1289 4858 Analys.
1304 4808 1333 4870 p.
1349 4792 1390 4849 16.
1761 4787 1769 4798 '

224 4930 278 5009 a.)
302 4928 377 4989 Hisl.
393 4925 484 5011 plant.
501 4947 524 5000 3.
538 4949 567 5012 p.
583 4933 628 5002 56.
643 4923 732 4990 Cous.
746 4927 837 4990 etiam
845 4925 1018 4992 Anauros
1092 4932 1144 5011 4.)
1167 4933 1283 4990 Amen.
1301 4927 1383 4991 acad.
1403 4949 1429 4990 a.
1460 4947 1500 5015 p,-
1516 4942 1579 5005 284.

296 5039 369 5103 fam,
391 5062 417 5103 a.
433 5063 461 5123 p.
482 5055 547 5117 489.
1020 5127 1045 5202 d
