4567 5959
1619 525 1770 582 cuxvn

262 724 484 826 gitudinem
505 726 782 821 irregulariter
803 738 998 805 curvatus
1015 728 1094 806 est:
1125 731 1166 805 in
1190 727 1323 838 Lilio,
1354 729 1566 829 sulbagia,
1596 707 1769 834 Anguil-
1889 693 1891 700 Ι

263 853 375 939 laria,
401 847 625 953 Scorpiuro
640 851 874 932 verniicusatu.

166 1066 274 1145 Situs
294 1063 532 1161 embryonis
553 1065 756 1140 absolutus
783 1067 1004 1159 generatim
1028 1067 1082 1141 ita
1108 1066 1147 1143 se
1169 1067 1305 1155 habet,
1331 1081 1378 1144 ut
1393 1071 1565 1146 radicula
1584 1073 1769 1173 periphe-

85 1202 187 1279 riam,
215 1193 393 1294 plumula
413 1216 516 1268 vero
539 1202 659 1286 atque
680 1193 943 1289 cotyledones
969 1203 1154 1268 centrum
1180 1194 1337 1272 seminis
1363 1196 1554 1297 spestent,
1586 1204 1771 1299 exceptis

85 1325 201 1398 saltem
219 1320 509 1416 embryonibus
534 1317 767 1412 quibusdam
794 1321 1077 1420 periphericis,
1104 1324 1173 1416 qui
1192 1322 1366 1419 undique
1390 1349 1414 1398 a
1437 1334 1576 1400 centro
1598 1328 1774 1422 aequabi-

85 1449 164 1523 liter
175 1447 322 1523 distant
373 1442 589 1521 Relativus
609 1454 740 1519 autem
756 1443 853 1524 fitus
870 1448 1028 1545 respicit
1043 1449 1112 1523 vel
1127 1449 1329 1533 internas,
1357 1452 1424 1526 vel
1447 1467 1641 1528 externas
1660 1453 1771 1529 semi·

87 1579 140 1650 nis
153 1583 303 1673 partes,
328 1573 398 1650 vel
416 1570 590 1670 &ipsam
612 1574 738 1646 totius
757 1574 967 1672 pericarpii
993 1596 1241 1672 compagem.
1292 1576 1356 1650 De
1372 1579 1525 1654 duabus
1546 1578 1773 1678 posteriori-

87 1703 151 1776 bus
171 1700 425 1776 relationibus
447 1694 530 1792 jam
552 1697 670 1798 supra
697 1698 900 1775 occasune
924 1700 1096 1776 umbilici
1117 1711 1238 1796 atque
1269 1704 1389 1803 ipsius
1418 1704 1577 1781 seminis
1602 1705 1700 1780 situs
1721 1708 1775 1779 ita

90 1823 214 1903 aruum
236 1826 308 1911 est,
347 1833 397 1900 ut
428 1824 576 1899 exinde
610 1824 749 1923 sponte
782 1826 1050 1921 intelligatur,
1088 1828 1197 1923 quod
1222 1829 1432 1905 umbilicus
1460 1855 1527 1907 ex.
1543 1854 1603 1926 gr.
1624 1832 1772 1908 obver-

90 1953 143 2027 sus
156 1954 235 2038 duc,
260 1952 474 2031 obversum
493 1971 657 2046 quoque
671 1951 956 2047 embryonem,
980 1961 1102 2049 atque
1121 1955 1253 2030 semen
1267 1953 1446 2033 eredium
1466 1966 1562 2045 etc,
1590 1958 1775 2053 embryo³

91 2101 167 2154 nem
183 2083 295 2156 etiam
311 2078 500 2156 involvat
513 2072 702 2152 erastum.
751 2077 868 2173 Ergo
891 2080 940 2154 de
960 2079 1040 2153 sola
1059 2080 1190 2155 adhuc
1216 2080 1315 2158 fitus
1337 2083 1533 2159 relatione
1549 2084 1599 2159 ad
1621 2086 1774 2179 reliqua

92 2204 226 2282 temnis
240 2209 449 2281 interanea
468 2203 600 2280 dicere
625 2203 766 2297 restat,
792 2228 849 2280 ex
866 2225 945 2299 qua
963 2215 1176 2299 emergunt
1193 2208 1444 2302 embryones

215 2419 400 2506 currales,
423 2421 493 2516 qui
510 2419 580 2497 vel
594 2428 722 2521 toturn
739 2423 952 2498 cavitatem
969 2418 1081 2496 testae
1095 2420 1273 2519 replent,
1300 2418 1367 2498 vel
1380 2423 1449 2516 qui
1467 2423 1508 2495 in
1526 2416 1614 2516 ejus
1638 2422 1774 2496 saltem

264 2551 332 2624 axi
353 2557 397 2623 et
415 2549 521 2622 intra
543 2545 730 2621 albumen
744 2547 928 2622 collocati
946 2545 1057 2630 sunt,
1082 2553 1130 2621 ut
1151 2545 1472 2646 incompositis,
1500 2546 1775 2627 Umbelliseris

265 2687 307 2753 et
323 2678 369 2751 in
385 2673 509 2770 longe
526 2673 705 2748 maximo
719 2672 966 2769 reliquorum
979 2674 1374 2760 seminumnumer03

214 2829 420 2913 excentrici,
437 2828 514 2924 qui
537 2824 722 2922 equidem
746 2829 851 2903 intra
872 2827 1075 2910 albumen,
1101 2824 1167 2902 sed
1187 2835 1305 2902 extra
1324 2849 1446 2901 axem
1478 2825 1638 2899 seminis
1661 2823 1775 2923 positi

262 2959 376 3039 sunt,
401 2961 609 3031 attamen
639 2956 814 3053 parietes
837 2953 949 3030 testae
974 2955 1210 3049 contingere
1241 2960 1468 3048 nequeant:
1496 2952 1538 3024 in
1564 2948 1776 3035 Phoenice,

266 3081 553 3175 Commeiina,
605 3078 839 3190 Asparago,
883 3079 1051 3169 Coffea,
1104 3079 1306 3166 Athecia,
1348 3073 1579 3154 Solanaceis
1615 3087 1659 3153 et
1691 3076 1777 3152 aliis

266 3210 420 3294 variis;

210 3361 440 3468 pulcheria,
465 3363 535 3456 qui
549 3360 763 3437 secundum
780 3366 907 3438 totam
921 3361 1030 3437 suem
1042 3358 1334 3455 longitudinem
1356 3356 1468 3434 testae
1482 3354 1701 3457 parietibus
1714 3377 1777 3428 ac·

267 3487 482 3571 cumbunt,
508 3488 687 3584 adeoque
702 3499 746 3566 et
761 3495 1035 3573 exnaaxean,
1061 3496 1103 3563 et
1114 3496 1234 3563 extra
1255 3486 1442 3561 albumen
1456 3480 1656 3557 constituti
1671 3479 1777 3553 sunt:

266 3617 309 3691 in
327 3614 577 3693 Boerhavia,
606 3613 780 3706 Pisonia,
811 3610 1089 3699 Graminibus,
1118 3601 1776 3701 Alunaceis,01eraoeis‚Lych.

268 3742 402 3819 nideis
418 3738 575 3817 etesiis.
1356 3773 1362 3778 ’

170 3947 409 4049 Magnitudo
424 3950 672 4047 embryonis,
691 3949 794 4050 ipsos
810 3947 900 4026 ilios
910 3954 1081 4043 quatuor
1091 3945 1291 4023 mensurae
1303 3933 1648 4039 gradusadmittit,
1673 3959 1778 4035 quos

96 4074 191 4176 supra
206 4080 516 4180 cotyledonibus
539 4077 774 4168 tribuimus,
800 4073 911 4150 sicuti
929 4075 1035 4149 enim
1052 4072 1235 4177 figuram,
1261 4074 1313 4144 ita
1330 4069 1473 4164 saepius
1488 4088 1649 4161 quoque
1668 4088 1778 4162 mag.

95 4205 290 4284 nitudinem
317 4208 558 4302 embryonis
580 4205 676 4280 solae
699 4200 961 4298 cotyledones
984 4198 1204 4281 definiunt,
1235 4217 1311 4272 nec
1335 4214 1430 4267 raro
1450 4193 1535 4279 ille,
1564 4195 1632 4286 qui
1647 4216 1721 4290 per
1739 4194 1779 4270 se

96 4331 258 4414 minimus
280 4338 360 4425 est,
388 4361 464 4438 pei·
482 4329 674 4414 acceffum
696 4327 1005 4425 cotyledonum,
1031 4327 1136 4401 utin
1160 4320 1358 4420 Scytalia,
1385 4318 1476 4394 fieri
1498 4316 1628 4419 potest
1648 4320 1779 4394 maxi-

58 4499 62 4516 -
95 4476 178 4533 mus.
221 4469 275 4540 lta
297 4485 448 4563 nempe
461 4486 483 4538 a
498 4461 578 4539 sola
595 4454 881 4552 cotyledonum
901 4453 1008 4529 mole
1022 4451 1249 4527 constanter
1267 4446 1354 4522 sere
1368 4445 1517 4523 maximi
1532 4446 1778 4542 embryones

95 4597 306 4685 competunt
322 4586 645 4672 Cucurbituceis,
672 4577 933 4680 Compositis,
961 4577 1242 4660 Verticillatis,
1271 4571 1545 4673 Asperisoliis,
1570 4570 1778 4668 Siliquosis

95 4714 129 4780 ei
145 4707 430 4809 Legumiuofis.
480 4712 677 4793 Meaiocrer
697 4712 790 4785 liant
812 4710 851 4781 in
882 4703 1108 4788 Tritonis,
1141 4701 1392 4786 Solanaoeis‚
1421 4699 1646 4798 Dipsaoeis,
1679 4695 1780 4772 Alfi-

96 4841 361 4919 uousetalns
374 4844 607 4921 innumeris.
659 4837 776 4914 Pares
786 4835 985 4910 habentur
1000 4830 1352 4912 inUmbelliferis,
1377 4821 1779 4927 CaprisoliisetStel-

95 4955 170 5042 1258
184 4973 315 5051 variis.
367 4971 505 5051 Minati
520 4962 982 5064 deniqueoccurruntiu
995 4959 1208 5074 plerisque
1219 4950 1779 5148 Monocotyledouibussprae·

1561 5118 1568 5127 ·
1663 5074 1780 5150 ertim
