4567 5959
503 506 717 560 LXXXVIII
1209 511 1513 565 m

1169 788 1460 897 CAPVT
1494 789 1559 896 V.

1315 1010 1405 1089 os

651 1138 657 1149 ’
782 1192 1177 1277 sarrensem
1219 1194 1521 1303 sffvsqu
1559 1192 1923 1278 sracraavs.

1090 1419 1598 1446 ῌ

499 1577 550 1706 P
552 1627 806 1726 ericarpium,
831 1624 888 1701 est
901 1625 1064 1725 speciale
1078 1645 1224 1697 nomen
1238 1618 1411 1706 fructus,
1437 1643 1517 1715 quo
1538 1645 1620 1697 non
1634 1625 1761 1698 solum
1774 1624 2060 1703 determinatus
2072 1627 2177 1699 ovarii

499 1757 645 1829 maturi
672 1752 829 1827 habitus
857 1755 1124 1850 exprimitur,
1158 1751 1222 1825 sed
1247 1752 1428 1848 inprimis
1456 1772 1615 1844 quoque
1642 1745 1731 1844 ejus
1763 1749 1967 1825 discrimen
1993 1777 2017 1826 a
2040 1750 2177 1827 Semine

498 1881 607 1958 nudo
638 1879 877 1973 indigitetur.
927 1878 1036 1951 Hinc
1060 1878 1323 1976 pericarpium
1351 1879 1570 1968 generatim
1601 1874 1742 1949 dicitur
1770 1880 2109 1975 conceptaculum,
2136 1901 2178 1951 ex

498 2009 582 2082 solo
602 2008 742 2082 ovario
758 2016 914 2081 maturo
929 2006 1167 2088 formatum,
1194 2002 1300 2098 quod
1320 2002 1465 2075 semina
1480 2004 1584 2075 intra
1606 2001 1643 2073 se
1661 2004 1713 2074 ita
1732 2004 1951 2093 abscondit,
1976 2017 2025 2081 ut
2041 2007 2180 2104 propria

431 2124 433 2131 ⁴
499 2133 716 2208 eorundem
734 2133 863 2227 figura
879 2137 920 2210 in
936 2128 1186 2231 conspestum
1204 2133 1344 2205 venire
1360 2138 1546 2222 nequeat,
1572 2126 1712 2203 nisiex
1728 2129 1799 2206 isto
1819 2133 2099 2232 conceptaculo
2113 2131 2179 2205 iue-

497 2267 582 2335 rint
600 2257 769 2335 excussa.

594 2443 687 2519 Hoc
715 2444 920 2518 discrimen
942 2445 1046 2517 inter
1074 2440 1218 2515 semina
1242 2444 1346 2517 nuda
1370 2451 1490 2536 atque
1508 2437 1630 2526 testa,
1647 2420 1722 2517 ars
1745 2441 1904 2538 quidem
1921 2442 2054 2517 facere
2068 2437 2181 2537 jubet3

496 2570 561 2646 sed
584 2568 757 2662 Natura,
783 2593 874 2663 quae
890 2591 963 2644 nec
979 2592 1118 2651 ovum,
1144 2591 1217 2644 nec
1241 2570 1372 2645 semen
1394 2570 1615 2664 vegetabile
1635 2591 1808 2663 unquam
1834 2568 2020 2667 producit
2039 2555 2180 2647 nudum,

497 2697 633 2771 nullos
653 2717 814 2791 quoque
832 2703 965 2768 certos
993 2696 1096 2767 inter
1119 2696 1221 2768 nuda
1241 2706 1359 2790 atque
1379 2692 1482 2769 testa
1502 2697 1647 2770 semina
1674 2696 1803 2793 posuit
1824 2694 1987 2778 limites,
2015 2698 2107 2789 quin
2126 2716 2181 2790 po·

495 2829 577 2897 tius
596 2847 619 2895 a
644 2820 868 2896 crassissimo
884 2823 1200 2920 pericarpiorum
1226 2823 1477 2913 quorundam
1497 2825 1663 2914 cortice,
1688 2821 1736 2894 ad
1756 2818 2020 2894 tenuissimam
2040 2819 2090 2892 fic
2112 2814 2182 2890 disti

496 2949 656 3023 seminis
674 2948 769 3022 nudi
784 2947 1009 3030 cuticulam,
1033 2970 1107 3045 per
1132 2946 1229 3020 adeo
1244 2947 1481 3023 insensibiles
1498 2947 1695 3022 descendit
1708 2946 1878 3041 gradus,
1902 2954 1948 3019 ut
1962 2948 2095 3020 omnia
2112 2945 2182 3019 soli-

466 3133 471 3142 .
497 3074 621 3147 dioris
640 3075 744 3146 inter
760 3074 827 3148 ista
846 3096 1017 3171 corpora
1032 3070 1288 3148 distinstionis
1302 3073 1341 3148 &
1361 3073 1562 3150 divisionis
1584 3077 1799 3148 tentamina
1816 3073 1956 3146 fecerit
1972 3074 2094 3149 irrita.
2138 3068 2180 3160 ld,

337 3184 353 3201 ’
495 3198 1024 3297 poltKunur1uu(1.),
1049 3210 1309 3294 agnoverunt
1322 3204 1440 3294 varii,
1466 3201 1700 3299 &inprimis
1713 3221 1872 3294 quoque
1890 3198 2180 3275 vntmmws

495 3325 606 3423 (a),
633 3329 796 3420 quinon
813 3328 936 3401 solum
958 3325 1140 3424 expresse
1158 3336 1302 3420 negat,
1328 3326 1460 3399 semen
1483 3327 1556 3400 dici
1581 3324 1688 3423 posse
1712 3327 1883 3410 nudum,
1922 3326 1984 3399 cui
2010 3324 2132 3419 stylus
2146 3320 2182 3392 fit

495 3453 687 3535 insertus;
714 3453 777 3526 sed
803 3455 870 3546 qui
894 3452 960 3527 vel
977 3455 1014 3524 in
1039 3451 1130 3551 ipfis
1153 3451 1411 3529 Verticillatis
1440 3461 1558 3547 atque
1583 3450 1781 3538 Stellatis,
1817 3452 1965 3526 semina
1990 3451 2096 3525 nuda
2116 3467 2181 3521 non

494 3577 683 3661 admittit,
710 3578 780 3652 ets1
801 3581 839 3650 in
865 3578 948 3661 his,
974 3576 1103 3673 stylus
1124 3579 1376 3675 receptaculo
1390 3578 1560 3653 insertus
1578 3578 1633 3652 fit.
1659 3577 1929 3653 Nihilominus
1951 3586 2084 3650 tamen
2104 3595 2181 3648 con·

492 3708 616 3777 traria
640 3705 743 3802 apud
767 3702 984 3802 plerosque
1005 3704 1220 3802 praevaluit
1243 3699 1439 3796 dostrina,
1465 3707 1613 3802 quippe
1637 3709 1705 3800 qui
1727 3708 1765 3778 in
1791 3706 1873 3780 solo
1900 3701 2101 3778 frustuum
2128 3702 2181 3771 ha·

491 3818 575 3904 bitu
594 3842 770 3904 externo
789 3827 992 3903 confilium
1013 3839 1262 3923 quaerentes,
1286 3853 1404 3908 omne
1424 3834 1607 3907 ovarium
1635 3840 1862 3914 maturum,
1888 3853 1964 3928 pro
1989 3827 2120 3906 Samiae
2135 3848 2181 3899 nu·

493 3952 537 4028 do
555 3955 716 4031 habent:
744 3955 851 4050 quod
871 3961 923 4028 1⁰.
950 3954 1076 4029 statim
1099 3978 1121 4028 a
1141 3953 1300 4052 perasia
1327 3955 1594 4039 florescentia,
1622 3956 1847 4030 consuetam
1874 3956 2034 4029 seminis
2054 3976 2132 4052 prae
2150 3950 2180 4022 se

492 4079 573 4154 fert
590 4082 777 4179 speciem,
803 4102 969 4175 eamque
990 4080 1244 4154 adolescendo
1270 4104 1353 4155 non
1377 4092 1527 4167 mutat3
1560 4089 1619 4159 2⁰.
1643 4079 1758 4176 cujus
1787 4087 2104 4176 integumentum
2124 4099 2180 4149 ex·

492 4208 637 4292 terius,
673 4231 755 4282 non
787 4210 912 4282 solum
939 4206 1125 4279 nucleum
1152 4201 1358 4280 arstissnne
1379 4207 1563 4291 investit,
1588 4208 1652 4281 sed
1673 4211 1790 4283 etiam
1829 4208 1897 4282 sub
1927 4208 2179 4281 maturitatem

491 4355 698 4425 nunquam
715 4336 762 4407 ab
782 4334 848 4406 illo
864 4333 1002 4430 sponte
1015 4329 1181 4407 solvitur
1193 4341 1263 4404 aut
1278 4333 1317 4403 in
1336 4330 1522 4408 valvulas
1537 4336 1727 4431 aperitur.
1778 4339 1831 4423 3⁰.
1856 4333 1961 4428 quod
1976 4324 2193 4404 funiculum'

491 4460 775 4542 umbilicalem,
799 4468 869 4533 aut
889 4457 1064 4541 nullum,
1096 4465 1166 4532 aut
1191 4465 1308 4532 extra
1333 4438 1569 4554 sepositum
1598 4459 1738 4533 habet:
1770 4470 1818 4534 ut
1845 4463 1884 4532 in
1911 4455 2178 4531 Umbelliseris.

491 4592 553 4678 40.
580 4586 685 4681 quod
704 4608 776 4659 nec
793 4584 1041 4676 succulento,
1065 4606 1139 4659 nec
1152 4586 1190 4656 in
1201 4584 1339 4680 plures
1356 4584 1522 4658 laminas
1541 4585 1764 4669 secedente,
1789 4585 1853 4660 sed
1867 4574 2179 4680 simplicissimo&

493 4713 603 4788 arido
620 4717 895 4807 integumento
917 4712 1086 4807 gaudet3
1115 4710 1155 4784 ὅ(
1174 4715 1226 4800 5⁰.
1250 4709 1357 4805 quod
1379 4731 1461 4784 non
1487 4714 1527 4783 in
1549 4709 1686 4810 plures
1710 4718 1902 4790 cavitates
1931 4708 2095 4784 divisum
2115 4701 2177 4791 est,

2115 4850 2177 4907 nec

536 5002 579 5067 1.)
602 4995 823 5057 Cnnrsrmu.
844 4995 990 5054 liunus.
1012 4988 1074 5051 vid.
1095 4986 1326 5051 bruuPhilos.
1397 4999 1444 5066 a.)
1467 4988 1619 5077 Attogall.
1643 5003 1720 5069 1718.
1743 4991 1814 5055 edit.
1836 5012 1930 5073 germ.
1952 5013 1980 5077 p.
1997 4996 2060 5067 146.

600 5080 664 5144 bot.
687 5102 716 5165 p.
740 5100 786 5143 22.
808 5078 1030 5145 Lqu.'lnlio
1052 5097 1136 5155 regn.
1159 5097 1224 5157 veg.
1238 5096 1267 5160 p.
1281 5094 1327 5152 45.
