4567 5959
477 583 593 637 “w
1184 571 1490 602 m

476 800 569 852 rum
596 777 754 860 oraria,
782 770 888 850 disto
917 775 1036 876 snpra
1060 787 1263 875 tempore,
1296 779 1393 870 quin
1419 776 1460 849 dr
1483 774 1605 868 longe
1624 771 1754 847 adhue
1772 773 1862 872 post
1882 771 1996 864 sslud,
2021 797 2169 850 merum

475 905 586 977 inus
607 905 697 977 sant
716 905 1118 1003 paterichymatol'um
1139 905 1280 986 chaos,
1307 906 1347 975 in
1365 925 1447 995 quo
1467 901 1685 974 erulorum
1706 904 1828 988 nihil,
1849 902 1947 972 11:11ss
1968 905 2170 1020 quifquam

473 1035 554 1103 rite
569 1031 750 1112 formati,
779 1032 849 1104 vel
873 1034 1037 1128 oprimis
1056 1031 1251 1112 lentibus,
1276 1027 1514 1121 diffingms:
1537 1051 1638 1121 ergo
1661 1052 1736 1101 nec
1753 1029 1996 1100 foemndatio
2019 1048 2171 1111 eorum,

474 1155 549 1231 isto
573 1175 759 1254 tempore
785 1157 1021 1253 procedere,
1053 1179 1128 1230 nec
1149 1180 1174 1228 ι
1197 1156 1465 1227 fo'liculorum
1492 1155 1662 1251 pulvere
1686 1157 1847 1250 operari
1878 1154 1985 1253 posse
2010 1154 2172 1226 videtvr.

474 1280 517 1366 3⁶
537 1275 574 1348 1⁷
575 1278 723 1351 oliiculi
740 1280 938 1378 plerique,
961 1282 1174 1380 pzzlverem
1194 1283 1378 1378 spargere
1401 1303 1603 1372 nunquam
1624 1282 1696 1354 effi
1721 1282 1834 1362 sunt,
1860 1281 1922 1354 fed
1945 1279 2051 1376 pleni
2074 1281 2174 1352 ultn

473 1406 754 1483 mamnnonis
773 1421 935 1510 tempus
957 1413 1237 1506 reperiuntur,
1262 1407 1301 1479 dr
1319 1407 1428 1504 pleni
1447 1431 1608 1501 quoque
1633 1410 1672 1478 in
1704 1405 1853 1486 Minis.
1889 1406 1988 1478 licut
2016 1410 2054 1477 in
2081 1405 2173 1505 Jun-

473 1535 721 1624 germanniis
745 1531 957 1607 decidunt:
995 1534 1101 1627 quod
1127 1551 1343 1626 utrumque
1362 1556 1389 1605 ι
1405 1536 1516 1607 veris
1535 1535 1716 1607 antheris
1730 1536 1926 1614 alienum
1965 1531 2029 1605 alii
2048 1545 2173 1606 autem

473 1678 637 1740 eorum,
672 1657 778 1731 suam
802 1661 961 1753 quidem
983 1659 1232 1752 fflnnulofam
1260 1658 1470 1732 medulhm
1492 1657 1692 1738 erudiant,
1729 1659 1791 1733 sed
1814 1663 2050 1755 promiscuo
2076 1671 2173 1733 tcm-

476 1805 597 1882 p‘Jre‚
621 1783 661 1858 dt
680 1783 730 1856 ab
747 1783 982 1857 humiditate
1006 1782 1247 1880 potiffimum
1267 1785 1335 1876 (i.)
1358 1783 1568 1858 stimulati:
1606 1786 1715 1859 unde
1738 1789 1882 1883 partim
1905 1785 2073 1882 suspicio
2095 1786 2175 1858 fub-

474 1913 674 1992 nascitur,
713 1908 823 2002 quod
841 1909 929 1982 haec
949 1909 1149 2008 explode,
1179 1933 1263 1983 non
1287 1909 1404 1982 valde
1430 1911 1478 1983 ab
1510 1909 1757 1984 erudiatione
1790 1910 2114 2009 pulviscuiorum
2141 1911 2176 1982 in

473 2033 633 2127 Fungis
648 2035 856 2109 nonnullis
867 2034 1000 2119 disten
1025 2039 1171 2134 partim
1188 2059 1290 2108 vero
1299 2038 1417 2134 plena
1431 2058 1592 2131 quoque
1608 2038 1959 2130 indeconiequitur
1972 2038 2176 2120 oertitudo,

473 2162 583 2256 quod
597 2183 672 2234 nec
689 2162 859 2256 gnnula
881 2160 968 2244 ista,
999 2183 1074 2235 nec
1090 2163 1310 2235 eorundem
1329 2165 1510 2258 eruptio,
1534 2164 1659 2236 ullam
1689 2164 1860 2237 habeant
1885 2184 2024 2236 veram
2049 2164 2176 2235 analo

475 2291 582 2384 giam
604 2309 695 2362 oum
719 2293 896 2382 genuino
910 2285 1060 2384 polline
1077 2287 1293 2373 anthemii,
1318 2287 1505 2382 liquidem
1527 2290 1627 2362 nihil
1649 2293 1799 2363 certius
1823 2311 1959 2363 necem
1977 2287 2068 2359 huic
2081 2288 2175 2362 inse-

474 2427 557 2496 rat,
583 2435 704 2508 quam
723 2413 956 2497 humiditas,
981 2414 1162 2506 nihilque
1174 2414 1392 2496 efficacius,
1418 2438 1537 2508 quam
1554 2417 1641 2489 haec
1658 2416 1754 2514 ipfz,
1781 2412 1884 2486 iliius
1902 2413 2094 2508 impediat
2107 2439 2176 2502 ex,

473 2537 707 2638 plofronem,
754 2542 806 2630 4⁰
824 2539 995 2632 denique
1012 2536 1197 2614 Folliculi
1221 2541 1298 2622 isti,
1323 2540 1405 2614 five
1428 2542 1650 2614 habeantur
1670 2565 1747 2640 pro
1767 2540 1946 2612 antheris
1966 2536 2073 2635 ipiis,
2104 2537 2178 2612 five

473 2663 565 2763 post
583 2668 826 2761 nuperiores
845 2664 1074 2738 Hznwron
1095 2667 1165 2754 (2.)
1187 2667 1469 2758 cogitationes,
1495 2666 1647 2741 nudum
1662 2668 1844 2741 dicantur
1853 2664 2006 2763 pollen,
2032 2665 2176 2736 nullam

473 2793 642 2891 prorsus
665 2813 757 2864 eum
779 2791 858 2864 iuis
882 2790 1065 2872 feminis,
1095 2812 1291 2863 earumve
1311 2793 1446 2865 ovulis
1467 2792 1616 2868 habent
1632 2797 1960 2891 proportionem,
1992 2789 2108 2864 secus
2123 2800 2176 2863 at·

472 2940 554 3013 que
571 2940 682 2992 verae
705 2927 842 3014 pultes
865 2915 1046 2990 masculae
1065 2919 1106 2988 in
1129 2917 1317 2990 omnibus
1334 2918 1594 2993 antheriferis
1620 2920 1770 3017 plmtis
1792 2918 1832 2991 δι
1852 2918 1921 2990 vel
1941 2918 1981 2986 in
2002 2917 2082 3013 ipsa
2105 2911 2178 2988 Za·

474 3047 554 3118 mia
570 3042 716 3118 habere
729 3042 865 3116 solent
908 3038 953 3115 Si
970 3063 1115 3139 nempe
1133 3043 1324 3117 antheras
1340 3041 1417 3116 effe
1433 3042 1598 3126 stamas,
1624 3066 1706 3117 non
1727 3040 1851 3117 solum
1869 3045 1908 3114 in
1926 3064 2009 3116 uno
2020 3043 2177 3117 eodem·

473 3191 554 3266 que
568 3189 739 3263 genere,
762 3167 827 3242 fed
846 3166 888 3242 ὃ(
906 3170 945 3240 in
965 3170 1101 3243 eadem
1118 3167 1261 3265 fpecie,
1286 3193 1393 3242 nunc
1412 3169 1762 3260 numerofillimas‚
1785 3190 1894 3242 nunc
1917 3168 2178 3267 pauciffimas,

472 3294 636 3369 nunc&
657 3293 789 3367 nullus
807 3295 990 3390 reperies
1001 3294 1210 3376 antheras,
1235 3309 1282 3367 ut
1297 3318 1433 3367 earum
1457 3309 1684 3394 proventus
1711 3318 1794 3370 nou
1817 3296 2052 3368 aichemate
2076 3315 2177 3393 prae·

474 3419 663 3501 stabilito,
690 3417 788 3492 feda
805 3417 972 3493 fortuito
989 3422 1255 3513 vegetationis
1271 3421 1438 3517 impulsu
1452 3422 1627 3517 pendere
1647 3423 1858 3495 videatur:
1887 3418 1931 3494 Si
1942 3433 2077 3494 autem
2091 3417 2175 3518 pol·

474 3545 541 3621 len
566 3542 644 3618 eii‘e
674 3544 875 3628 volueris,
916 3547 1080 3618 unicum
1113 3547 1217 3644 faepe
1238 3542 1325 3640 ejus
1355 3547 1568 3638 granulum
1597 3547 1815 3645 pluries&
1842 3546 1911 3620 vel
1938 3549 2091 3621 centies
2119 3545 2181 3617 sua

474 3668 745 3762 magnitudine
766 3669 1003 3745 feminarum
1020 3674 1165 3760 semina
1184 3672 1397 3770 super-abiu
1424 3671 1461 3742 id
1483 3671 1590 3763 quod
1607 3672 1698 3744 sane
1720 3672 1957 3768 stupendum
1978 3674 2057 3750 &a
2078 3694 2178 3747 vero

469 3796 622 3894 polline
647 3795 920 3871 alienissimurn
945 3796 1013 3871 est.
1064 3796 1236 3870 Minime
1259 3800 1382 3890 igitur
1405 3798 1572 3870 mascula
1593 3796 1738 3869 horum
1760 3796 2029 3871 folliculorum
2051 3796 2179 3870 officia

472 3923 526 3994 ita
547 3923 649 3995 sai-tc
661 3920 844 4017 testaque
858 3923 1007 3998 oenferi
1026 3921 1201 4018 poliunt,
1236 3934 1381 3996 utnon
1407 3946 1567 3995 onmem
1588 3926 1724 4018 potius
1742 3923 1882 4005 alium,
1913 3945 2032 4018 quam
2057 3925 2180 4013 hunc,

471 4047 637 4148 perinde
648 4047 857 4122 admittant
868 4048 1000 4138 usum,
1025 4049 1094 4122 vel
1111 4061 1156 4122 ut
1167 4051 1460 4147 experimentis
1477 4049 1555 4120 illis
1568 4061 1687 4139 atque
1703 4049 2047 4123 observationibus
2067 4047 2179 4142 quid-

470 4195 588 4268 quam
608 4173 657 4248 de
669 4172 825 4256 frobore
845 4174 915 4246 suo
933 4174 1114 4256 demant,
1145 4198 1238 4267 quae
1259 4196 1334 4271 pro
1350 4197 1460 4245 mera
1482 4174 1627 4246 horum
1642 4174 1975 4269 corpusculorum
1992 4172 2178 4246 facultate

473 4301 707 4392 vegetativa
721 4298 907 4383 militant,
931 4300 969 4372 ὃ(
986 4321 1040 4373 ex
1054 4301 1198 4392 quibus
1210 4295 1383 4387 conllnt‚'
1405 4299 1510 4390 quod
1522 4323 1544 4370 e
1556 4296 1779 4391 Polytrichi
1792 4298 1954 4374 stellulis
1968 4298 2178 4373 aliinesro

470 4419 595 4498 'terrm
616 4421 808 4496 mandatis
832 4423 913 4514 (32)
939 4407 1112 4498 noveliae
1129 4425 1352 4520 prodierint
1365 4423 1575 4519 plantulam
1600 4424 1640 4496 ὃ(
1656 4424 1761 4517 quod
1782 4423 1893 4508 Mnii
1907 4423 2071 4520 pellucidi
2091 4420 2178 4522 pul-

471 4548 652 4622 visculus
674 4551 714 4623 in
737 4571 833 4624 vera
853 4552 1142 4642 germinaverit
1168 4549 1313 4625 foliola.
1365 4547 1514 4641 Quodii
1548 4552 1653 4621 enim
1682 4548 1844 4624 folliculi
1874 4573 1956 4622 non
1982 4550 2178 4624 indubita-

471 4669 625 4748 tiiiimae
643 4672 735 4750 sunt
754 4674 957 4758 antherae,
984 4674 1080 4749 nihil
1099 4677 1188 4750 fane
1213 4695 1296 4773 nos·
1310 4679 1418 4771 cogit
1438 4677 1622 4759 credere,
1647 4674 1754 4767 quod
1778 4675 1846 4748 vel
1861 4678 1995 4759 unica,
2027 4673 2179 4747 nedum

2029 4815 2177 4874 01111]θὸ

515 4933 551 4999 ι),
564 4929 665 4988 torn.
680 4895 788 4986 nidi.
802 4946 832 5008 p.
846 4931 896 4988 60.
909 4931 947 4989 u.
960 4925 1074 5010 prem
1086 4931 1138 4991 rx,
1384 4931 1426 5010 ᾗ)
1447 4928 1523 4990 Aur.
1539 4922 1665 4987 aarum.
1679 4929 1716 4990 >c
1731 4930 1762 4987 r.
1781 4946 1807 4988 ι
1820 4946 1849 5011 p.
1864 4943 1922 5006 171.

514 5071 558 5146 2.)
581 5071 675 5129 Mure.
689 5063 825 5134 frondes.
838 5067 874 5128 11.
888 5065 1001 5149 praelat.
1015 5071 1066 5131 XI.
