4567 5959
851 543 1160 599 “-....-.....““.“.“-..“
1659 532 1662 537 ’
1695 541 1855 599 txxvn

152 749 299 827 orario
316 742 709 846 superimpolita'est,
734 746 854 838 atque
868 746 1012 831 altera,
1038 769 1130 842 quae
1149 748 1187 820 ei
1208 741 1394 843 subjacet,
1418 745 1566 824 rectius
1582 770 1658 847 pro
1672 771 1786 824 mero
1803 753 1863 824 in·

152 875 327 955 volucro
341 873 530 957 babetur,
558 884 605 947 ut
618 874 659 945 in
684 869 874 965 Linnaea,
899 871 1095 964 Mirabili,
1120 871 1267 947 Nelitri
1288 874 1523 972 &inprimis
1542 876 1582 947 in
1602 874 1863 975 Compositis,

153 1003 301 1098 quibus
319 1004 435 1075 etiam
451 996 746 1092 Anausouus,
770 1021 847 1097 pro
866 1000 1002 1095 calyce
1022 1002 1247 1085 communi,
1271 1024 1428 1076 merum
1449 1001 1584 1076 saltem
1603 1002 1865 1080 involucrum

154 1150 369 1206 commune
393 1124 603 1201 redtiilime
621 1127 773 1203 tribuit.
1091 1134 1096 1139 ’

253 1338 366 1438 Infiri
385 1339 556 1434 denique
575 1336 752 1425 fructus,
785 1361 868 1416 non
892 1336 1052 1433 quidem
1078 1337 1293 1415 admodum
1311 1338 1571 1438 frequentes,
1597 1345 1782 1421 alvariis
1806 1354 1863 1421 ta·

153 1492 251 1545 men
280 1468 486 1544 ordinibus
515 1454 760 1541 naturalibus
790 1464 1007 1540 familiares
1028 1464 1145 1540 sunt:
1180 1477 1229 1541 ut
1264 1464 1526 1568 Compoiitis,
1570 1469 1864 1565 Umbelliferis,

153 1596 479 1678 Cucurbitaceis,
505 1592 776 1690 Myrtoideis,
802 1614 876 1665 nec
897 1612 980 1666 non
1004 1593 1209 1690 plerisque
1229 1618 1254 1670 e
1274 1572 1560 1683 Stellatarum,
1581 1597 1863 1697 Dipsacearum

152 1722 195 1797 δι
215 1720 549 1820 Campanularum
563 1719 685 1795 tribu.
732 1717 987 1813 Dignol'citur
1005 1717 1070 1791 hic
1091 1717 1192 1795 situs
1208 1744 1233 1794 a
1253 1722 1423 1823 supero,
1448 1724 1557 1819 quod
1576 1731 1764 1803 ovarium
1781 1753 1865 1804 ome

152 1851 275 1924 nibus
292 1848 456 1941 reliquis
471 1847 649 1944 partibus
666 1841 982 1919 fructificationis
991 1844 1095 1919 basm
1105 1871 1151 1921 ac
1166 1847 1466 1926 fundamentum
1474 1855 1677 1952 praebeat,
1703 1853 1743 1928 ἃ
1755 1853 1866 1949 quod

153 1975 252 2050 sslud
275 1974 377 2048 infra
400 1976 548 2071 calycis
571 1973 772 2066 segmenta
791 1970 1026 2046 collocatum
1047 1994 1092 2046 ac
1116 1995 1206 2048 cum
1233 1970 1321 2071 ejus
1345 1988 1493 2054 ventre
1513 1981 1566 2054 ita
1587 1978 1772 2055 coalitum
1796 1978 1866 2065 fit,

151 2112 204 2176 ut
218 2104 335 2176 ambo
353 2099 466 2174 simul
482 2103 519 2172 in
533 2099 709 2173 fructum
729 2097 889 2172 abeant:
915 2120 1039 2193 quare
1065 2102 1184 2174 etiam
1208 2101 1289 2177 flos
1310 2102 1507 2202 superuS,
1532 2102 1595 2181 ille
1619 2107 1746 2201 vulgo
1769 2104 1861 2181 dici»

150 2238 247 2314 tur,
275 2224 390 2325 cujus
412 2227 534 2325 calyx
549 2234 589 2301 in
607 2227 786 2303 fructum
799 2225 902 2309 abit,
923 2236 971 2298 ut
990 2225 1108 2326 supra
1115 2221 1199 2322 jam
1222 2233 1465 2305 monuimus

254 2466 334 2543 His
350 2467 471 2563 lignis
489 2468 759 2568 plurimorum
778 2458 979 2539 fructuum
1005 2462 1103 2539 litus
1129 2467 1320 2565 proprius
1341 2466 1454 2541 facile
1476 2465 1687 2556 delinitur,
1712 2468 1752 2546 dr
1774 2472 1862 2565 qui-

150 2595 244 2669 dem
259 2604 371 2668 tanto
387 2594 557 2669 facilius.
582 2594 688 2691 quod
708 2597 748 2667 in
767 2615 912 2687 magno
926 2594 1153 2692 plantarum
1168 2616 1356 2678 numero,
1378 2596 1501 2691 calyx
1519 2596 1715 2695 persistat,
1742 2608 1861 2691 atque

152 2721 229 2797 vel
242 2743 421 2804 coronae,
447 2723 511 2796 vel
528 2723 749 2795 indumenti
768 2720 912 2818 specie,
938 2719 1091 2793 fructui
1116 2729 1274 2794 maturo
1293 2721 1506 2796 adhaereat.
1556 2716 1636 2797 Sed
1655 2724 1717 2797 his
1733 2727 1860 2796 omni-

150 2848 231 2920 Bus
258 2869 338 2919 non
372 2847 636 2933 obstantibus,
665 2848 762 2924 litus
789 2844 984 2940 diagnofis
1011 2848 1229 2919 inmaturo
1255 2846 1409 2931 fructu,
1441 2848 1529 2923 suas
1555 2848 1657 2947 saepe
1678 2853 1866 2942 ingentes

150 2974 276 3048 habet
287 2973 558 3060 difficultates,
581 2975 739 3070 quando
764 2997 932 3072 nempe:
961 2980 1011 3052 1⁰.
1035 2972 1157 3068 calyx
1186 2970 1302 3047 floris
1333 2974 1469 3057 inferi,
1496 2997 1569 3073 per
1591 2979 1866 3053 maturitatem

150 3099 283 3192 suam,
311 3101 350 3173 in
375 3099 531 3199 seminis
552 3102 624 3175 vel
635 3104 769 3178 ovarii
777 3103 858 3175 abit
874 3104 1219 3206 integumentum,
1243 3097 1397 3174 fructui
1412 3103 1588 3195 genuino
1604 3100 1861 3186 limillimum‚

150 3235 202 3299 ut
222 3228 258 3297 in
278 3224 455 3310 Baselia,
482 3224 725 3311 Coccoloba‚
751 3223 933 3326 Spinacia
949 3226 1020 3302 &a
1047 3232 1103 3300 2⁰.
1127 3249 1219 3300 cum
1241 3228 1426 3302 evarium
1452 3228 1731 3312 immaturum,
1759 3230 1867 3302 intra

152 3350 332 3444 calycem
351 3350 509 3444 quidem
527 3354 606 3428 alte
619 3354 886 3430 absconditum
905 3356 945 3430 δι
963 3357 1100 3430 intime
1127 3376 1219 3427 cum
1235 3376 1285 3427 eo
1299 3354 1486 3428 coalitum
1504 3354 1578 3440 est,
1603 3352 1691 3452 post
1705 3352 1864 3453 plenam·

149 3496 259 3551 vero
276 3476 381 3552 suam
401 3487 691 3567 maturitatem,
717 3482 857 3555 abhoc
877 3485 1038 3579 penitus
1062 3481 1231 3555 solvitur
1254 3479 1293 3555 &
1310 3478 1527 3577 perlectam
1548 3480 1705 3555 fructus
1730 3481 1866 3580 superi

151 3604 283 3678 induit
297 3604 488 3682 formam:
513 3610 705 3700 inyariis¹
718 3607 975 3684 lVletrcfideri
997 3608 1037 3684 dr
1057 3606 1299 3683 Melaleucae
1319 3608 1547 3708 speciebus;
1574 3607 1615 3683 dt
1635 3613 1689 3699 3⁰.
1705 3608 1862 3703 quando

152 3732 258 3808 idem
278 3735 486 3821 ovarium,
507 3736 638 3830 aliqua
654 3736 849 3811 duntaxat
871 3734 928 3807 sui
947 3745 1099 3831 partea
1120 3737 1257 3832 calyce
1271 3742 1496 3811 contectum
1522 3732 1561 3807 dr
1590 3757 1680 3809 cum
1699 3759 1748 3809 eo
1772 3758 1863 3809 conb

151 3860 463 3935 ferruminatum
486 3862 560 3955 est,
586 3872 628 3937 at
642 3872 726 3937 tota
741 3862 891 3956 reliqua
905 3861 972 3934 sua
985 3883 1194 3960 compage,
1220 3865 1324 3935 intra
1341 3858 1678 3936 floriscavitatem
1692 3863 1865 3937 liberum

152 3984 197 4059 &
219 3984 630 4086 solutumprominetr
653 3985 876 4083 cujusmodi
902 3989 1047 4064 ovaria
1068 3985 1232 4085 immersu
1252 3989 1327 4063 dici
1350 3974 1494 4061 scienta
1516 3988 1557 4059 in
1581 3985 1865 4087 Philadelpho,

153 4109 487 4210 Chrylolplenio,
525 4112 752 4213 Rapuntio-5
780 4115 935 4191 Brunia
953 4112 992 4188 δι
1008 4115 1113 4188 aliisi
1139 4125 1187 4188 ut
1213 4120 1280 4206 40..
1304 4113 1353 4187 de
1380 4115 1429 4187 iis
1453 4111 1569 4211 plane
1592 4112 1795 4198 sileamus,
1821 4118 1861 4189 in

153 4239 308 4333 quibus
329 4238 473 4337 delapfi
493 4240 580 4338 post
599 4238 871 4317 maturitatem
887 4238 1003 4315 floris
1025 4241 1157 4339 superi
1179 4242 1333 4314 nullum
1355 4249 1537 4314 remanet
1555 4240 1789 4335 vestigium,¹
1807 4266 1863 4318 ex

153 4386 240 4459 quo
261 4368 432 4463 partium
450 4365 548 4442 situs
561 4362 730 4462 judicari
750 4368 891 4466 pcffit,
912 4380 960 4443 ut
981 4373 1019 4442 in
1049 4368 1245 4452 Mirabili,
1278 4365 1528 4461 Boerbavia„
1553 4365 1795 4445 Terminalia
1822 4371 1863 4448 dr

153 4491 404 4590 Compositis¹
414 4497 555 4570 variis..
575 4492 787 4588 Plerisque
801 4504 933 4570 tamen
958 4493 1368 4570 hiscedifficultatibus
1384 4495 1543 4569 obviam
1557 4496 1742 4582 irelicct,
1769 4482 1863 4572 caia»

152 4621 345 4695 minando
364 4620 479 4695 litum
506 4624 633 4695 ovarii
654 4624 694 4695 in
721 4620 824 4695 flore
844 4633 1027 4699 recenter
1052 4622 1261 4720 expanso:
1282 4620 1433 4717 Quodli
1456 4625 1562 4697 enim
1592 4625 1633 4694 in
1658 4623 1735 4698 hoc
1760 4622 1865 4699 statu

152 4756 289 4821 totum
308 4750 490 4821 orarium
512 4748 629 4845 supra
649 4749 944 4844 receptaculum
968 4748 1083 4822 floris
1105 4753 1315 4846 proprium
1338 4751 1531 4833 amineam
1563 4748 1866 4843 subsequentem

152 4893 323 4968 quoque
338 4872 513 4946 fructum
534 4873 929 4949 tuto-declarabimus
940 4873 1125 4973 superum
1137 4928 1156 4961 5
1175 4875 1244 4949 ctfi
1259 4897 1331 4972 per
1343 4877 1609 4949 maturitatem
1624 4875 1730 4948 suam
1747 4885 1862 4952 tatus

152 5023 180 5075 a
195 4999 335 5094 calyce
354 4997 542 5074 lacorolla
556 5000 682 5076 fuerit
699 5011 906 5077 contectus
925 5009 1045 5095 atque
1069 5001 1308 5077 incrustatus
1320 5024 1335 5074 ε.
1355 5010 1406 5076 ut
1416 4984 1757 5101 in'Ccratocarpo,
1778 5001 1867 5078 Ru-

1739 5131 1866 5219 mica„
