4567 5959
1036 461 1519 578 Passarro

427 685 466 758 δι
484 680 735 768 Sornuoro,
761 682 929 758 meritus
950 680 1167 757 debebatur
1189 684 1343 758 honos:
1370 679 1400 753 fi
1422 691 1556 758 autem
1575 682 1616 753 in
1636 680 1710 754 hac
1734 682 1994 758 innovatione
2015 689 2132 787 culpa

425 837 491 921 fit3
517 840 595 910 erit
611 837 676 910 illa
695 837 823 919 levis,
849 839 940 931 quia
962 859 1043 910 non
1061 848 1266 936 praecepta
1293 838 1508 922 tironibus,
1536 838 1600 911 sed
1618 837 1760 934 peritis
1781 839 1820 907 in
1840 845 1928 910 arte
1948 842 2130 936 carpolo-

423 994 533 1085 gicas
545 1001 701 1066 tantum
725 991 885 1065 tradere
902 992 1109 1066 voluimus
1131 992 1453 1074 observationes,
1483 1010 1585 1084 quas
1607 990 1686 1064 suis
1706 992 1876 1085 quisque
1896 991 1995 1065 locis
2013 992 2131 1068 facile

425 1146 581 1223 inseret.
634 1126 899 1220 characteres
912 1143 1113 1219 frusluum
1128 1144 1307 1220 dedimus
1324 1147 1467 1244 plenos
1491 1144 1530 1218 ὃ(
1549 1145 1596 1218 ad
1616 1144 1817 1218 definitam
1835 1146 2028 1238 quandam
2043 1148 2129 1244 spe·

420 1299 524 1373 ciem
541 1309 752 1384 exaratos,
780 1322 861 1394 quo
880 1299 1033 1373 facilius
1052 1298 1290 1374 differentiae
1305 1301 1344 1372 in
1359 1299 1445 1374 aliis
1461 1302 1592 1372 notari
1606 1309 1779 1392 queant;
1804 1297 1868 1372 sed
1881 1319 1956 1372 nec
1977 1301 2127 1377 incom-

421 1451 554 1549 pletos
579 1454 733 1530 fructus
756 1457 874 1554 plane
897 1456 1147 1553 respuimus,
1173 1454 1331 1548 quando
1357 1476 1503 1552 nempe
1521 1454 1706 1553 plurimis
1730 1454 1809 1527 suis
1826 1453 2006 1550 partibus
2025 1456 2127 1529 inte-

408 1608 629 1700 'grantibus
642 1612 763 1686 dotati
778 1609 818 1683 &
833 1617 1002 1708 propter
1021 1612 1226 1683 raritatem
1247 1609 1354 1683 suam
1370 1610 1567 1685 notabiles
1581 1619 1707 1689 erant.
1759 1607 1902 1682 Icones
1917 1628 2058 1683 omnes
2076 1609 2126 1683 ad

419 1771 604 1837 naturam
618 1765 736 1862 ipsam
755 1767 920 1862 propria
934 1786 1052 1838 manu
1071 1766 1124 1839 ita
1136 1767 1414 1849 exaravimus,
1444 1772 1511 1850 ut,
1538 1788 1629 1860 quae
1650 1763 1874 1840 minoribus
1894 1763 2039 1839 litteris
2056 1751 2129 1837 rol

417 1920 545 1992 manis
567 1925 717 1994 notatae
739 1919 851 2005 sunt,
877 1917 1120 1996 exactissime
1149 1918 1371 1993 naturalem
1400 1919 1607 1993 fructuum
1633 1919 1947 2015 magnitudinem
1973 1939 2124 2014 reprae-

416 2073 594 2158 sentent3
623 2095 715 2166 quae
727 2084 860 2150 autem
876 2071 1092 2170 majoribus
1105 2075 1389 2156 inscribuntur,
1412 2070 1616 2147 modulum
1632 2095 1793 2169 quoque
1807 2071 2029 2148 naturalem
2048 2094 2124 2144 ex·

416 2226 556 2300 cedant
572 2226 611 2299 &
626 2237 763 2324 partes
778 2230 946 2306 reddant
967 2233 1015 2306 ad
1034 2230 1339 2327 microsc'opium
1361 2239 1515 2315 auctas3
1541 2229 1711 2323 denique
1733 2251 1825 2323 quae
1846 2231 1988 2322 graecis
2013 2229 2122 2301 litte-

413 2384 472 2455 ris
494 2381 782 2476 inligniuntur,
813 2383 972 2461 fructus
992 2385 1127 2462 fistant
1152 2386 1325 2460 naturali
1357 2384 1630 2479 magnitudine
1658 2386 1860 2466 minores,
1886 2392 1956 2455 aut
1983 2389 2122 2479 partes

412 2536 625 2630 indigitent
648 2547 788 2612 notatu
816 2542 1002 2636 inprimis
1026 2541 1176 2635 dignas
1227 2535 1393 2636 Species
1422 2539 1692 2638 recensuimus
1721 2558 1885 2636 paucas,
1910 2560 1984 2611 nec
2005 2536 2121 2610 facile

412 2691 527 2776 alias,
554 2715 672 2786 quam
693 2697 892 2777 exoticas,
918 2694 987 2770 vel
1006 2695 1195 2791 peculiari
1215 2695 1384 2788 quadam
1399 2693 1545 2768 sabrica
1564 2694 1853 2770 memorabiles.
1904 2692 1968 2767 De
1990 2692 2119 2768 dubiis

412 2849 530 2920 etiam
565 2847 771 2922 nonnullis
796 2845 993 2921 fructibus
1022 2849 1252 2921 monuimus
1282 2826 1375 2946 ipsr,
1414 2857 1461 2921 ut
1487 2848 1535 2925 de
1561 2847 1822 2943 Flagellaria,
1869 2847 2116 2932 Mussaenda,

409 2987 649 3098 Jungia&c;
677 3001 869 3095 quosdam
885 3023 991 3079 vero
1009 3002 1129 3087 alios,
1145 3004 1193 3078 ab
1207 3005 1344 3078 amicis
1360 3004 1518 3084 moniti,
1538 3003 1586 3077 ad
1600 3008 1772 3081 certiora
1785 3024 1934 3100 genera
1950 3000 2117 3075 reduxi-

408 3177 524 3237 mus,
549 3164 595 3229 ut
613 3155 816 3242 Otillidem
837 3166 956 3251 atque
979 3154 1205 3243 Ceriscum;
1229 3158 1269 3233 ἃ
1290 3158 1353 3231 his
1369 3180 1534 3251 quoque
1543 3181 1650 3234 nunc
1669 3159 1891 3235 addendum
1910 3155 1968 3230 est
1986 3153 2115 3228 Toxi-

408 3308 652 3384 codendrum
666 3305 795 3394 Cobbc,
822 3310 947 3404 quod,
971 3321 1162 3387 monente
1179 3307 1451 3395 Scnrsumm,
1480 3312 1531 3386 ad
1551 3308 1804 3388 Schmideliae
1822 3331 1952 3407 genus
1968 3309 2116 3387 referri

408 3462 538 3539 debet.
585 3447 795 3559 Reliquas,
832 3486 924 3558 quae
943 3465 1072 3540 forsan
1092 3465 1221 3540 adhuc
1244 3465 1454 3562 supersunt
1472 3466 1791 3551 emendationes,
1826 3467 2034 3548 admoniti,
2069 3467 2114 3537 in

404 3622 599 3718 proximo
615 3620 873 3695 indicabimus
888 3621 1113 3704 volumine,
1137 3619 1245 3715 quod
1264 3619 1423 3706 eodem,
1449 3624 1509 3696 uti
1531 3622 1726 3718 praesens,
1754 3642 1949 3714 generum
1968 3642 2110 3692 nume-

405 3797 455 3849 ro
477 3774 684 3873 stipatum,
710 3777 862 3872 absque
886 3796 1000 3850 mora
1021 3777 1062 3849 in
1079 3776 1209 3850 lucem
1223 3775 1414 3873 prodibit,
1439 3777 1509 3850 ubi
1524 3779 1652 3874 prima
1668 3775 1755 3848 haec
1767 3775 1904 3849 nostra
1923 3776 2110 3849 tentami-

406 3951 458 4002 na
470 3931 716 4031 carpologica
728 3933 855 4028 aequis
867 3931 1012 4010 barum
1026 3952 1165 4007 rerum
1184 3932 1345 4008 arbitris
1365 3953 1449 4007 non
1461 3929 1686 4032 displicuisse
1698 3929 2036 4012 intellexerimus,
