4567 5959
492 487 588 550 LXX
1192 501 1499 558 m

493 702 552 780 est
569 701 608 779 δι
627 701 865 822 plerumque
884 699 1076 799 optimas,
1104 709 1153 775 ut
1177 699 1297 776 modo
1317 696 1483 784 diuum,
1508 698 1678 794 largitur
1699 699 1924 802 plantarum
1947 697 2185 777 differentur

493 828 704 930 specificas.

591 1041 800 1120 Numerus
811 1040 1005 1115 naturalis
1020 1036 1242 1124 srutluum,
1270 1040 1371 1118 idem
1384 1039 1623 1138 regulariter
1641 1040 1698 1118 est
1715 1049 1835 1136 atque
1856 1041 1922 1114 ille
1940 1043 2186 1125 ovariorum;

493 1171 754 1246 nihilominus
778 1177 913 1241 tamen
940 1167 1043 1240 alter
1067 1168 1116 1241 ab
1138 1165 1267 1241 altero
1298 1168 1500 1268 saepissime
1531 1167 1747 1265 discrepat,
1774 1169 1865 1262 quia
1886 1167 2035 1265 saepius
2064 1169 2188 1242 ovaria

493 1295 675 1393 quaedam
692 1295 731 1366 in
744 1291 915 1366 floribus
925 1292 1146 1390 polygynis
1159 1293 1362 1378 abortant,
1386 1287 1659 1371 undesruslus
1676 1295 1821 1366 maturi
1840 1314 1922 1366 non
1943 1287 2107 1393 possunt
2120 1315 2187 1367 nou

494 1426 534 1500 in
550 1442 722 1496 numero
743 1417 926 1495 deficere.
975 1417 1049 1493 Est
1060 1429 1194 1494 autem
1211 1420 1276 1494 hic
1289 1417 1469 1500 descilus
1487 1421 1527 1493 in
1549 1419 1636 1494 aliis
1657 1416 1840 1494 constans
1858 1419 1898 1495 δι
1914 1418 2026 1515 quasi
2046 1430 2187 1512 natura·

494 1550 567 1640 lis,
592 1553 639 1621 ut
656 1545 696 1617 in
715 1540 922 1640 Lagoecia‚
946 1542 1239 1639 Haslelquistia‚
1265 1544 1507 1622 Collinsonla
1523 1544 1563 1623 δι
1583 1546 1623 1618 in
1639 1542 1880 1644 Compositis
1891 1549 2042 1629 variis,
2067 1546 2106 1619 in
2119 1548 2187 1639 qui-

493 1678 569 1753 bus
586 1692 793 1766 nunquam
814 1670 947 1745 omnia
974 1672 1113 1748 oraria
1139 1670 1440 1749 foecundanturz
1464 1672 1510 1746 In
1530 1673 1617 1745 aliis
1639 1693 1740 1747 vero
1770 1667 1947 1747 desertus
1967 1672 2103 1767 legem
2119 1693 2187 1747 non

495 1801 631 1881 habet,
655 1797 717 1873 fed
738 1795 856 1895 plane
871 1794 1065 1871 fortuitus
1081 1794 1160 1882 est,
1189 1809 1236 1872 ut
1256 1800 1295 1871 in
1314 1797 1500 1877 Paeonia,
1525 1794 1720 1895 Sapindo,
1745 1794 1887 1882 illicio,
1912 1798 2086 1895 aliisque
2101 1798 2187 1874 mul·

494 1929 565 2010 tis,
587 1927 627 1998 in
648 1920 793 2018 quibus
808 1943 916 1996 nunc
935 1923 1076 2022 plura,
1101 1941 1209 1997 nunc
1217 1924 1423 2023 pauciora,
1449 1923 1489 1998 δι
1504 1944 1610 1997 nunc
1625 1942 1786 2016 quoque
1803 1920 1920 2020 plane
1935 1925 2049 2000 nulla
2064 1927 2187 2003 ovaria

497 2054 695 2127 abortant
745 2047 790 2121 In
805 2047 1004 2124 definiedo
1023 2051 1145 2143 igitur
1157 2069 1260 2123 vero
1277 2046 1478 2123 fruituum
1497 2069 1687 2136 numero,
1712 2047 1943 2125 scrutandus
1958 2064 2058 2128 ante
2071 2051 2188 2128 omnia

486 2177 730 2254 'ovariorum
752 2174 1056 2251 immaturorum
1086 2195 1296 2260 numerus,
1321 2175 1390 2270 qui
1412 2171 1650 2250 certiliimus
1673 2174 1868 2262 naturalis
1889 2181 2054 2252 numeri
2083 2176 2187 2252 index

494 2301 569 2387 ell3
595 2296 735 2378 deinde
749 2298 788 2373 id
806 2299 931 2398 ipllun
947 2301 1180 2376 scrutinium
1197 2302 1236 2374 in
1253 2300 1434 2401 pluribus
1457 2294 1635 2396 ejusdem
1658 2298 1800 2397 speciei
1821 2297 1993 2379 sloribus
2015 2312 2187 2402 repeten-

495 2427 607 2512 dum,
632 2436 752 2522 atque
770 2447 984 2510 numerus,
1019 2428 1088 2522 qui
1112 2447 1257 2500 eorum
1288 2427 1471 2526 plurimis
1493 2424 1818 2526 deprehendetur
1846 2431 2093 2513 communis,
2123 2447 2186 2526 pro

494 2552 665 2662 naturali
688 2554 767 2627 erit
790 2551 1014 2638 habendus,
1043 2574 1125 2626 non
1142 2575 1246 2628 vero
1271 2552 1378 2627 solus
1400 2552 1464 2630 ille
1481 2552 1597 2630 floris
1619 2553 1859 2646 terminalis,
1883 2561 1931 2628 ut
1950 2553 2090 2653 pasiim
2111 2554 2185 2628 fieri

494 2677 610 2773 solet,
635 2677 707 2753 nifi
723 2676 787 2752 hic
799 2676 1026 2754 constanter
1039 2680 1239 2755 maximus
1250 2675 1314 2772 fit,
1339 2680 1430 2774 quia
1445 2679 1499 2764 id,
1524 2679 1631 2776 quod
1647 2681 1687 2753 in
1709 2679 1778 2754 suo
1792 2699 1941 2773 genere
1959 2678 2184 2779 perfettius,

496 2809 624 2901 magis
640 2802 876 2879 censendum
892 2804 1095 2888 naturale,
1120 2826 1238 2899 quam
1257 2806 1362 2899 quod
1379 2807 1524 2883 ceteris
1542 2806 1703 2904 paribus
1726 2806 1859 2880 minus
1880 2806 2103 2904 perfeetum
2121 2805 2185 2890 estz

495 2932 536 3011 δι
555 2931 727 3026 denique
743 2927 876 3003 sedulo
901 2930 1146 3014 cavendum,
1170 2952 1223 3004 ne
1249 2934 1387 3024 generi
1411 2933 1610 3007 tribuatur
1632 2950 1846 3016 numerus,
1872 2934 1940 3026 qui
1963 2935 2038 3009 uni
2063 2934 2184 3007 saltem

495 3059 563 3135 vel
581 3057 696 3132 alteri
727 3056 866 3155 speciei
880 3058 1089 3154 competit,
1114 3060 1222 3134 unde
1240 3058 1421 3142 fallaces,
1448 3054 1625 3157 respestu
1644 3060 1820 3149 numeri,
1844 3070 2064 3154 emergunt
2078 3081 2183 3156 gene·

495 3201 586 3260 rum
605 3176 873 3267 characteres,
897 3180 997 3255 ficut
1014 3183 1051 3258 in
1071 3182 1265 3270 Paeoniis,
1300 3181 1490 3278 Nigellis,
1523 3181 1710 3284 Spiraeis,
1742 3180 1915 3269 Tillaen,
1948 3187 2116 3283 aliisque
2140 3185 2185 3259 vi·

496 3309 649 3385 demus.
698 3305 778 3383 His
802 3306 1009 3405 praemissis
1032 3311 1216 3396 cautelis,
1241 3332 1456 3385 numerum
1479 3309 1681 3387 frustuum
1699 3312 1920 3404 generatim
1945 3311 2184 3413 dispescimus

496 3438 536 3513 ln
558 3447 811 3510 communem
834 3445 952 3528 atque
978 3440 1201 3536 proprium.
1253 3434 1467 3531 Communis,
1493 3457 1636 3512 omncs
1647 3438 1768 3511 unius
1790 3435 1923 3534 spicae,
1942 3441 2111 3534 racemi,
2131 3459 2183 3512 ca·

494 3564 630 3664 pituli,
656 3558 864 3654 verticilli‚
890 3571 960 3636 aut
984 3563 1182 3638 involucri
1212 3567 1440 3640 communis
1464 3560 1620 3638 fruitus
1641 3558 1937 3663 complectitur,
1965 3576 2087 3661 atque
2109 3562 2183 3640 ideo

497 3696 636 3765 notatu
660 3686 806 3781 dignus
834 3684 911 3769 est,
943 3687 1051 3782 quod
1089 3683 1145 3764 ex
1169 3691 1240 3763 illo
1259 3688 1451 3786 stupenda
1480 3689 1727 3785 quarundam
1755 3680 1997 3790 plantarum
2013 3693 2184 3768 fertilitas

495 3813 754 3910 cognoscitur.
804 3812 979 3911 Proprius
1007 3822 1164 3899 autem,
1196 3814 1440 3910 singulorum
1462 3814 1740 3892 tantummodo
1762 3814 1914 3894 florum
1935 3818 2094 3920 respicit
2115 3817 2183 3895 fin·

495 3942 600 4027 nus,
628 3952 748 4036 atque
762 3938 841 4040 ipse
858 3940 927 4016 vel
950 3940 1183 4036 singularis,
1209 3942 1276 4018 vel
1291 3941 1549 4040 pluralis-est.

594 4151 775 4248 Singuli,
801 4153 979 4228 solitarii,
1005 4164 1075 4230 aut
1091 4155 1287 4253 simplices
1303 4177 1474 4230 numero
1483 4152 1657 4241 fruitus,
1682 4160 1863 4236 omniurn
1880 4160 2001 4258 louge
2014 4162 2184 4257 frequen·

497 4280 651 4373 tillimi,
685 4304 730 4355 ac
749 4281 887 4355 multis
908 4280 1113 4357 ordinibus
1140 4280 1406 4367 naturalibus,
1434 4292 1481 4356 ut
1511 4280 1794 4369 Graminibus,
1826 4285 2090 4389 Compositis,
2114 4281 2184 4360 Cu·

499 4408 755 4490 curbitaceis,
790 4404 1020 4490 Orchideis,
1045 4407 1269 4506 Dipsaceis,
1294 4404 1529 4493 AlfinaceiS,
1555 4406 1816 4506 Lychnideis,
1842 4411 2088 4501 personatis,
2109 4406 2183 4512 plu·

493 4537 689 4627 rimisque
707 4531 920 4626 generibus
933 4532 1048 4623 vagis
1065 4535 1219 4631 proprii
1237 4533 1338 4609 sunt
1387 4532 1432 4607 In
1444 4533 1613 4609 floribus
1629 4537 1886 4635 petaloide‘rs,
1910 4539 1978 4616 iste
2000 4546 2182 4617 numerus

498 4659 733 4761 plerumque
750 4655 867 4729 'facile
885 4654 1100 4742 definitur,
1123 4640 1188 4733 sed
1210 4660 1247 4731 in
1262 4662 1429 4757 apetatis
1446 4661 1661 4760 &penitus
1681 4663 1817 4749 nudis,
1840 4685 1922 4740 non
1937 4670 2025 4765 pari
2045 4668 2182 4760 semper

497 4789 706 4869 facilitate,
732 4781 943 4874 fingularis
973 4805 996 4853 a
1019 4783 1167 4879 plurali
1190 4806 1361 4859 numero
1389 4787 1641 4873 discernitur,
1674 4789 1858 4886 inprimis
1881 4794 2039 4886 quando
2059 4783 2182 4868 orarit

499 4916 685 5014 proxime
698 4908 818 5006 juxta
833 4908 880 4981 -se
900 4906 1043 5006 posita,
1067 4920 1187 5007 atque
1213 4911 1432 4989 accessoriis
1458 4899 1691 5009 quibusdam
1712 4916 1896 5015 partibus
1926 4920 2064 5019 stipata
2089 4915 2181 4995 sium

803 5065 805 5068 ¹
840 5087 844 5094 «
2030 5055 2179 5139 quamn
