4567 5959
491 469 638 530 axum
674 424 678 434 ¹
1172 485 1488 542 «m

498 701 502 706 ’
554 719 556 724 ’
593 683 743 766 Velatuf
758 706 902 787 nempe
919 681 1140 781 generatim
1156 666 1231 764 ille
1254 686 1330 773 est,
1356 670 1470 785 cujus
1490 686 1764 763 indumentum
1784 687 1959 783 undique
1972 689 2023 763 ab
2048 692 2183 766 ovatio

490 812 659 889 liberum
679 836 724 887 ac
737 811 931 920 solutum,
956 812 1167 910 aliqua'sui
1183 813 1298 913 parte
1316 816 1370 889 ita
1393 826 1520 914 patet,
1549 824 1597 889 ut
1615 817 1800 891 ovarium
1818 815 1945 889 oculis
1968 835 2053 888 non
2076 814 2183 914 plane
2251 827 2252 898 ξ

490 929 743 1038 surripiatur:
767 938 1160 1016 Velamentaautem
1170 940 1268 1038 ipsa,
1293 960 1400 1014 nunc
1414 939 1921 1039 proficiscunturacalycet
1949 939 2184 1016 inHernan·
2251 953 2252 991 ³

491 1065 571 1150 dia,
596 1064 855 1160 Gaultheria,
879 1064 1166 1163 Hyoscyamoa
1190 1087 1335 1140 nunca
1355 1065 1520 1158 corolla,
1547 1068 1587 1139 in
1605 1064 1896 1151 Tradesoentia,
1923 1064 2183 1150 Commelma,

483 1189 683 1294 Drosera,
711 1188 966 1287 Plantagine3
992 1192 1032 1267 δι
1043 1213 1191 1308 nunca
1212 1192 1485 1290 receptaculo:
1511 1195 1550 1266 in
1573 1189 1788 1271 Nelumbo.
1968 1195 1971 1201 “

593 1403 780 1482 Tunicatus
794 1414 925 1481 autem
949 1404 1121 1492 eunus,
1149 1406 1214 1482 ille
1237 1407 1353 1481 nobis
1374 1383 1534 1489 dicitur,
1561 1400 1673 1501 cujus
1697 1405 1990 1491 indumentum,
2018 1429 2095 1507 per
2112 1429 2182 1481 ma·

476 1514 719 1618 toritatem,
745 1514 836 1607 cu'm
856 1535 996 1607 ovario
1020 1533 1087 1610 vel
1112 1537 1274 1632 penitus
1288 1533 1609 1629 conglutinatur,
1637 1529 1703 1609 vel
1718 1532 1852 1606 saltem
1867 1531 1995 1606 eidem
2011 1537 2065 1608 ita
2080 1533 2182 1631 supe·

488 1662 732 1743 rinducitur,
756 1669 802 1733 ut
821 1658 975 1733 nonnisi
1003 1658 1106 1756 stylo
1128 1659 1321 1760 angustus
1336 1658 1383 1733 ad
1406 1661 1589 1735 ovarium
1613 1668 1748 1756 pateat
1766 1658 1916 1742 aditus,
1942 1680 2077 1754 neque
2101 1659 2181 1740 hoc,

489 1787 636 1880 absque
660 1784 897 1859 laceratione
919 1795 989 1860 aut
999 1786 1194 1860 solutione
1208 1788 1383 1885 partium
1400 1784 1639 1868 indumenti,
1666 1785 1833 1884 conspici
1849 1783 1986 1884 possit:
2019 1785 2071 1860 sic
2087 1787 2181 1860 tuni·

489 1909 533 1986 c'a
558 1914 701 1996 ovario
720 1910 949 1987 insternitur
971 1936 994 1986 a
1015 1913 1171 2007 calyce:
1201 1913 1241 1985 in
1263 1911 1531 2018 Brunnichia,
1557 1908 1854 2012 Ceratocarpo,
1879 1907 2086 2011 spinacia,
2111 1909 2181 1986 Ac·

487 2039 605 2122 nida,
630 2035 887 2123 Alchemilla,
914 2039 1018 2113 Rosa
1042 2039 1144 2124 &c.;
1168 2034 1378 2112 acorolla:
1415 2040 1456 2111 in
1485 2034 1651 2122 Panico,
1688 2037 1874 2138 Paspalo‚
1899 2033 2182 2111 Basellailma

487 2161 684 2238 nestario:
710 2168 749 2238 in
771 2162 911 2240 Carice
919 2191 931 2249 ;
957 2166 1038 2241 &a
1061 2163 1338 2263 receptaculo:
1366 2167 1405 2237 in
1426 2161 1550 2247 Ficu,
1575 2163 1645 2238 nifi
1673 2158 1792 2258 hujus
1811 2159 1965 2237 frustus
1988 2164 2121 2261 aptius
2139 2156 2180 2231 ir·

488 2288 679 2398 concretis
703 2291 964 2366 accenseatur.
1012 2289 1147 2367 Probe
1175 2289 1216 2364 hi
1244 2286 1399 2364 fruetus
1424 2290 1606 2373 tunicati,
1642 2269 1864 2390 praesertim
1889 2290 2052 2383 quando
2082 2282 2198 2390 indu-⁹

467 2417 668 2493 'mentum
693 2439 716 2490 a
736 2418 874 2514 calyce
891 2416 1055 2503 habent,
1078 2418 1209 2491 notari
1223 2424 1525 2498 merentur,·.ne
1542 2437 1632 2490 cum
1647 2413 1841 2491 frustibus
1862 2415 2027 2516 inseris,
2052 2411 2181 2508 quibus

381 2616 383 2620 ,
489 2541 605 2620 valde
624 2541 765 2618 affines
780 2543 886 2627 sunt,
913 2541 1221 2620 confundantur.
1269 2542 1717 2639 Dignoscunturautem
1740 2542 2003 2619 abinvicem:
2028 2535 2130 2634 quod
2148 2536 2180 2605 in

486 2672 698 2753 tunicatis,
724 2668 853 2765 stylus
873 2668 1027 2767 semper
1043 2669 1169 2745 libere
1188 2671 1378 2745 corticem
1395 2664 1549 2743 nunus
1562 2668 1826 2766 pertranseat,
1850 2666 1918 2744 vel
1928 2666 2067 2741 saltem
2084 2683 2180 2741 eum,

488 2805 580 2873 ante
602 2797 758 2893 plenam
778 2792 933 2869 frustus
952 2797 1247 2881 maturitatem,
1268 2792 1716 2888 liberrime‘tranlierit,
1741 2793 1781 2869 δι
1798 2792 1904 2889 quod
1928 2794 2112 2870 ovarium
2132 2789 2179 2881 ip·

487 2923 593 3006 sum,
637 2922 705 2999 vel
722 2923 846 3020 plane
872 2942 978 3005 non,
1003 2922 1078 2998 vel
1104 2924 1233 2998 obiter
1256 2918 1390 2995 saltem
1417 2941 1506 2994 cum
1539 2921 1687 2996 cortice
1712 2919 2097 3022 conlerruminatum
2120 2909 2179 2985 fit:

397 3149 401 3154 .
488 3048 581 3123 dum
608 3029 747 3122 contra
764 3049 806 3150 in
829 3049 940 3122 veris
953 3045 1146 3123 srustibus
1160 3047 1317 3129 inseris,
1343 3044 1490 3141 stylus,
1516 3050 1699 3121 ovarium
1719 3047 1758 3122 &
1776 3032 1921 3121 cortex
1934 3050 1974 3119 in
1990 3064 2115 3119 unum
2130 3040 2180 3109 in·

487 3166 696 3246 discretum
715 3194 863 3274 corpus
877 3175 1016 3246 coalita
1033 3173 1119 3251 sint.
1171 3172 1298 3249 Caute
1314 3173 1435 3265 igitur
1452 3169 1492 3245 ὃ(
1508 3191 1599 3244 cum
1616 3192 1744 3265 grano
1755 3175 1845 3250 salis
1863 3170 2114 3274 accipiendus
2132 3158 2181 3235 est

488 3299 556 3377 ille
572 3320 697 3373 canon
722 3301 820 3391 (1.)-:
847 3298 954 3393 quod
976 3296 1054 3373 ilos
1073 3300 1262 3398 superus,
1289 3296 1635 3390 &consequenter
1657 3298 1815 3377 feneus
1836 3299 2016 3383 inferus,
2050 3295 2112 3369 ille
2126 3285 2179 3370 fit.

488 3420 604 3521 cujus
623 3424 745 3519 calyx
757 3426 837 3499 abit
851 3428 889 3497 in
910 3423 1103 3500 frustum:
1128 3449 1220 3499 nam
1240 3421 1371 3499 strisle
1394 3424 1567 3506 sumtus,
1591 3425 1704 3500 facile
1727 3431 1765 3500 in
1795 3447 1978 3500 errorem
2003 3421 2179 3496 inducere

487 3548 636 3651 potest,
660 3552 721 3625 uti
745 3551 909 3625 uberius
929 3552 1101 3654 dicetur,
1127 3552 1285 3647 quando
1302 3549 1350 3626 de
1373 3551 1449 3626 litu
1470 3545 1672 3626 frustuum
1694 3551 1825 3627 sermo
1849 3553 1937 3626 erit.

582 3762 824 3844 Involacrctus
848 3764 1016 3858 denique
1037 3758 1193 3842 smnus
1225 3767 1469 3865 appellatur,
1494 3760 1611 3862 cujus
1640 3767 1800 3849 orario,
1824 3765 2051 3863 apartibus
2075 3765 2179 3836 exto

486 3890 629 3967 norem
646 3900 716 3966 aut
734 3892 910 3986 calycem
931 3894 1141 3989 proprium
1162 3892 1315 3991 positis,
1348 3895 1624 3968 indumentum
1646 3891 1899 3976 insternitur,
1929 3914 2014 3986 quo
2036 3889 2101 3966 vel
2119 3905 2177 3982 pe·

485 4020 614 4101 nitus,
643 4018 780 4094 velex
799 4026 912 4116 parte
928 4026 1084 4092 tantum
1103 4019 1338 4093 occultatur.
1389 4017 1527 4115 Hujus
1539 4020 1615 4094 loci
1634 4018 1724 4091 sunt
1737 4039 1881 4093 omnes
1897 4019 1951 4091 illi
1968 4017 2085 4115 supra
2102 4001 2177 4083 disti
2251 4093 2252 4110 ,

485 4141 660 4227 inustus,
690 4146 758 4237 qui
779 4145 845 4219 vel
865 4167 889 4218 a
906 4144 1077 4240 squamis
1096 4142 1324 4238 floralibus,
1349 4145 1416 4222 vel
1438 4147 1486 4220 ab
1509 4145 1721 4222 involucro
1736 4142 1851 4218 floris
1873 4143 2097 4223 communi,
2119 4137 2178 4210 aut

485 4271 673 4368 proprio,
700 4267 767 4346 vel
788 4294 811 4343 a
835 4272 1073 4369 receptaculi
1098 4271 1248 4369 paleis,
1281 4272 1413 4348 vel&
1441 4273 1489 4345 ab
1518 4270 1598 4369 ipso
1624 4251 1875 4366 receptaculo
1898 4269 2116 4349 communi,
2136 4254 2177 4332 ad
2250 4290 2252 4366 f

483 4393 642 4494 plenam
661 4416 793 4489 usque
810 4400 1079 4472 maturitatem
1091 4396 1201 4470 suam
1222 4396 1465 4470 comitantur
1485 4396 1525 4471 δι
1543 4397 1602 4470 ab
1620 4394 1756 4470 iisdem
1776 4417 1890 4471 nunc
1913 4400 2059 4491 magis,
2082 4402 2177 4466 nunc
2251 4389 2252 4474 J

486 4523 621 4596 minus
639 4522 891 4615 obteguntur.
942 4521 1050 4596 Hinc
1070 4524 1174 4621 saepe
1189 4523 1433 4597 aemulantur
1453 4520 1609 4597 frustus
1624 4518 1755 4605 nudos,
1783 4525 1968 4619 inprimis
1985 4520 2174 4622 postquam
2251 4561 2252 4622 p

484 4643 587 4722 bene
601 4657 906 4724 maturuerunt:
930 4659 979 4724 ut
991 4646 1142 4741 Pinus,
1167 4646 1390 4746 Carpinus,
1420 4646 1660 4747 Cuprelsus,
1683 4641 1835 4741 Thuja;
1861 4650 1957 4722 alifis
1973 4636 2173 4725 verosimi·
2251 4733 2252 4736 Ν

481 4771 545 4848 les
562 4771 919 4872 deprehenduntur
937 4772 1083 4852 velatis:
1108 4786 1156 4849 ut
1170 4772 1374 4870 Quercus,
1404 4772 1603 4898 corylus,
1631 4770 1797 4859 Taxusa
1819 4772 1860 4848 &
1881 4776 2027 4852 iterum
2047 4773 2082 4844 in
2100 4760 2173 4837 aliis
2251 4751 2252 4774 ³

505 4917 507 4920 ’
2093 4904 2172 4963 cou·

522 5050 568 5134 ι.)
590 5054 713 5116 ama.
736 5050 801 5124 (γῆ.
825 5057 898 5136 ch.
922 5053 994 5119 esst
1014 5071 1052 5138 ῃ.
1076 5075 1107 5141 p.
1125 5067 1193 5131 ato.
