4567 5959
378 548 383 560 ,
456 476 630 542 caxxu
1135 490 1447 552 ειεξιτ-ι.-

461 685 751 775 Umbeiliferae,
775 686 989 766 seminibus
1007 689 1219 784 gemmatis
1233 692 1373 768 inferis
1388 688 1556 767 inverfis
1576 689 1616 767 δι
1636 715 1694 769 ex
1715 693 1783 768 axi
1810 692 2046 771 intermedio
2070 716 2170 796 pen·

460 812 662 899 dentibus,
689 813 840 892 affatim
860 817 908 892 ab
922 813 1009 891 aliis
1031 813 1244 900 differunt3
1270 819 1310 893 δι
1328 823 1381 895 ita
1396 819 1566 914 denique
1590 817 1820 904 Orchideae,
1846 818 2169 904 Cucurbitaoeae,

458 938 729 1039 Asperifoliae,
759 938 1007 1036 Solauaceae‚
1044 941 1293 1039 Lychnideae
1311 946 1352 1021 dr
1377 948 1486 1029 aliae,
1518 945 1675 1045 semper
1697 947 1737 1021 iu
1774 943 1909 1021 fructu
1939 946 2167 1023 manifestas

457 1067 617 1141 familiae
635 1067 715 1143 lhae
729 1077 877 1164 gerunt
895 1079 1033 1155 notas,
1059 1071 1204 1163 quibus
1222 1093 1303 1144 non
1324 1079 1479 1145 tantum
1495 1068 1647 1165 fingula
1669 1094 1808 1148 earum
1824 1074 1933 1146 iuter
1945 1070 1984 1146 se
1996 1069 2166 1148 nestun·

457 1201 527 1268 tur
542 1215 708 1289 genera,
734 1194 799 1282 sed
813 1194 854 1270 δι
869 1201 1037 1297 propior
1050 1205 1120 1273 aut
1136 1199 1332 1272 remotior
1356 1199 1461 1273 inter
1485 1196 1651 1273 ordines
1673 1196 1853 1292 lingulos
1873 1197 2064 1271 definitur
2091 1222 2169 1278 ne·

457 1338 550 1396 xus.
599 1317 816 1417 Nunquam
838 1324 960 1419 igitur
980 1326 1020 1396 in
1042 1315 1286 1417 dijudicanda
1305 1343 1499 1417 generum
1523 1333 1596 1398 aut
1618 1323 1855 1400 familiarum
1877 1323 2068 1399 affinitate
2092 1347 2167 1399 na-

457 1447 598 1531 turali,
623 1443 826 1524 fructuum
851 1449 996 1524 fabrica
1008 1459 1128 1530 extra
1149 1450 1289 1525 oculos
1308 1449 1493 1548 ponenda
1513 1448 1589 1525 est:
1615 1448 1687 1525 etss
1706 1452 1812 1525 enim
1832 1471 1887 1525 ex
1912 1472 1981 1533 ea,
2000 1453 2166 1527 univer·

456 1572 534 1649 sale
559 1576 665 1648 inter
684 1575 839 1674 plantas
865 1571 1086 1660 vinculum,
1112 1576 1181 1651 seu
1199 1573 1415 1650 methodus
1443 1577 1639 1652 naturalis
1658 1577 1746 1652 erui
1771 1596 1855 1649 non
1883 1574 2017 1673 poffit,
2044 1585 2165 1674 pote-

448 1708 556 1772 ·runt
569 1709 705 1777 tamen
718 1724 773 1779 ex
788 1724 834 1780 ea
852 1702 954 1779 novi
966 1721 1104 1779 nexus
1124 1702 1312 1802 partiales
1330 1702 1479 1802 detegi,
1504 1703 1573 1782 vel
1596 1701 1637 1780 δι
1661 1698 1818 1780 aliunde
1842 1701 1993 1796 cogniti
2015 1697 2164 1778 arctius

457 1821 608 1920 stringi.

544 2015 791 2120 ‚specierum
822 2023 1053 2112 affinitates,
1086 2026 1192 2102 unde
1219 2048 1366 2121 genera
1388 2024 1635 2111 formantur,
1667 2023 1794 2099 adhuc
1820 2023 2000 2100 curatius
2023 2024 2165 2099 scruti-

448 2149 567 2245 ‚nium
582 2142 738 2226 fruitus
755 2153 985 2245 requirunt,
1010 2156 1103 2249 quia
1122 2156 1261 2248 ignoto
1277 2150 1433 2243 fructu,
1459 2153 1638 2246 generis,
1654 2149 2015 2245 quomodocunque
2027 2162 2166 2225 cetera

445 2273 630 2371 definiti,
655 2272 858 2351 character
875 2279 1141 2377 incompletus
1163 2277 1203 2353 δι
1226 2281 1319 2355 veri
1340 2273 1429 2374 ejus
1448 2279 1596 2354 limites
1620 2275 1761 2352 incerti
1785 2273 1886 2348 sunt
1937 2275 2042 2350 Hinc
2069 2276 2165 2352 vul-

456 2420 509 2494 go
526 2420 687 2494 quoque
702 2400 860 2507 fructus
878 2406 982 2480 inter
1002 2405 1206 2481 naturales
1228 2426 1423 2499 generum
1441 2398 1691 2478 characteres
1714 2401 1838 2498 recipi
1858 2400 2010 2488 solent,
2033 2411 2083 2475 ut
2101 2413 2165 2477 ta·

445 2549 547 2624 ⁸men
566 2524 659 2600 flori
683 2529 840 2634 semper
862 2533 1007 2632 primae
1030 2533 1261 2607 tribuantur
1279 2541 1417 2629 partes
1446 2540 1565 2624 atque
1593 2527 1642 2603 de
1664 2536 1750 2602 tota
1772 2522 1975 2601 fruetuum
2000 2526 2166 2601 confor-

445 2654 630 2750 matione
650 2652 749 2730 nihil
770 2659 809 2730 in
826 2658 985 2734 censum
1003 2661 1160 2743 veniat,
1187 2666 1470 2756 praeterquam
1485 2655 1697 2755 pericarpii
1719 2652 1851 2726 forma
1876 2664 1995 2750 atque
2018 2652 2166 2728 locula-

444 2787 709 2878 mentorum,
734 2781 988 2859 valvularum
1013 2808 1059 2859 ac
1081 2785 1274 2862 seminum
1297 2801 1506 2858 numerus.
1557 2778 1616 2854 Et
1637 2777 1797 2879 poll‘unt
1826 2783 1947 2856 etiam
1971 2801 2163 2855 nonnun-

455 2926 575 2998 quam
591 2903 689 2977 haec
709 2903 888 2984 sufficere
904 2907 1031 3003 ligna,
1054 2912 1287 3010 praesertim
1302 2906 1461 3005 quando
1476 2905 1524 2982 de
1541 2927 1654 2984 mera
1674 2905 1902 3004 plantarum
1916 2908 2080 2980 notione
2098 2907 2165 2980 su-

455 3027 666 3128 perficiali,
690 3032 876 3116 tirocinio
898 3034 1190 3131 &redigendis
1217 3039 1258 3110 in
1290 3035 1471 3109 ordinem
1494 3030 1692 3108 herbariis
1723 3029 1867 3115 dicata,
1902 3034 2054 3125 agitur;
2097 3031 2165 3107 sed

456 3151 614 3249 quando
628 3152 677 3226 de
697 3158 896 3253 penitiore
922 3159 1188 3239 &scientifica
1213 3185 1351 3238 earum
1374 3159 1601 3254 cognitione
1624 3157 1753 3232 sermo
1770 3157 1844 3244 est,
1878 3180 1956 3253 qua
1969 3157 2043 3230 scil.
2068 3159 2162 3230 inti-

396 3301 401 3309 ·
456 3282 562 3356 mior
581 3277 621 3353 &
648 3282 841 3359 naturalis
863 3283 1088 3384 plantarum
1111 3311 1248 3365 nexus
1268 3289 1514 3368 trutinatur,
1552 3283 1591 3359 δι
1612 3307 1668 3358 ex
1696 3286 1870 3382 partium
1901 3281 2164 3358 ell'entialium

450 3405 644 3482 consensu
659 3384 815 3482 stabiles
834 3416 1050 3504 generibus
1071 3415 1426 3490 circumducuntur
1441 3413 1613 3496 limites;
1642 3419 1740 3483 tunc
1760 3410 1899 3503 utique
1918 3431 2000 3483 non
2016 3411 2054 3481 in
2075 3408 2161 3483 solo

454 3531 579 3617 flore,
603 3553 680 3607 nec
702 3533 742 3605 in
760 3533 840 3608 sola
858 3543 1030 3635 partium
1048 3537 1204 3614 frustus
1229 3539 1437 3639 superficie
1460 3547 1549 3611 tuto
1581 3533 1811 3619 subsistitur,
1836 3534 1901 3610 sed
1924 3536 1972 3610 ad
1995 3538 2161 3612 intimos

455 3681 584 3755 usque
609 3661 777 3736 leminis
796 3664 970 3739 recellus
991 3664 1287 3764 procedendum
1312 3663 1389 3759 est,
1430 3665 1522 3758 quia
1549 3662 1718 3734 internis
1745 3657 1948 3737 fructuum
1976 3664 2162 3760 partibus

452 3786 677 3862 haud'raro
697 3787 1031 3866 characteristicae
1059 3791 1271 3865 inhaerent
1293 3799 1433 3873 notae,
1460 3810 1561 3884 quae
1584 3782 1731 3860 frustra
1760 3787 1801 3858 in
1830 3791 2015 3861 externis
2035 3809 2161 3880 quae·

452 3921 620 4005 runtur,
644 3934 748 4007 quae
771 3915 865 4002 has,
888 3916 955 3990 sua
976 3915 1191 3992 constantia
1204 3926 1325 4011 atque
1346 3912 1568 3995 evidentia,
1589 3911 1703 4010 saepe
1724 3913 1915 3998 vincunt,
1944 3912 1983 3987 δι
2006 3912 2160 4005 quibus

453 4032 645 4133 neglectis
658 4047 727 4113 aut
736 4041 989 4139 posthabitis,
1011 4067 1095 4120 non
1109 4045 1235 4119 solum
1250 4060 1443 4136 generum
1461 4039 1607 4115 limites
1619 4039 1772 4114 obscuri
1795 4037 1834 4112 δι
1853 4040 2021 4136 precarii
2033 4035 2162 4130 liunt,

455 4185 600 4238 verum
619 4165 738 4238 etiam
756 4165 871 4242 falsae
884 4175 996 4246 veris
1021 4173 1297 4244 immiscentur
1322 4165 1483 4264 species.
1533 4165 1594 4239 Ita
1614 4165 1797 4263 inprimis
1812 4158 1935 4260 juvat
1959 4165 2162 4237 internam

454 4285 667 4385 respexisse
675 4287 882 4369 'fructuum
896 4292 1133 4371 structuram
1149 4296 1189 4368 in
1208 4289 1434 4386 Siliquosrs,
1459 4312 1630 4385 quarum
1646 4311 1797 4384 genera
1813 4293 1943 4366 tutius
1960 4312 2015 4363 ex
2023 4285 2163 4363 fructu

453 4435 573 4507 quam
588 4435 643 4486 ex
662 4421 901 4514 receptaculi
917 4421 1114 4513 glandulis
1131 4427 1202 4493 aut
1217 4440 1272 4495 ex
1292 4422 1429 4515 calyce
1448 4412 1688 4510 judicantur.
1740 4415 1786 4490 In
1807 4415 2060 4512 Calycifloris
2088 4437 2163 4512 po-

453 4539 745 4637 lystemonibus
775 4543 966 4639 baccatis,
991 4546 1264 4620 ard-interiora
1290 4541 1446 4619 fruetus
1483 4542 1793 4638 confugiendum
1821 4542 1899 4626 est,
1925 4543 1969 4616 ni
1996 4538 2163 4636 Pyrum

451 4691 543 4742 cum
563 4663 733 4762 Mespiio
748 4666 948 4744 sociare&
966 4671 1066 4754 hanc
1084 4680 1246 4769 praeter
1258 4674 1458 4747 rationem
1478 4692 1502 4744 a
1517 4665 1718 4763 Crataego
1733 4668 1936 4766 separare,
1948 4669 1990 4741 ui
2007 4688 2162 4761 genera

453 4791 611 4890 Myrti,
637 4785 828 4887 Syzygii,
865 4789 1168 4891 Jamboiiserae‚
1205 4794 1423 4892 Greggiae,
1459 4791 1750 4893 Caryophylli,
1785 4791 1995 4887 Eugeniae
2017 4791 2091 4867 &e
2115 4795 2162 4866 in

449 4941 578 4998 unum
597 4916 843 5006 confundere
858 4920 1043 5018 velimus.
1094 4921 1229 5012 Etiam
1244 4925 1285 5000 in
1297 4922 1541 5009 Portulacis,
1568 4916 1876 5026 Capparidibus‚
1893 4919 2161 5017 Vaginalibus

2111 5043 2159 5119 ἃ
2277 5005 2278 5030 ᾧ
