4567 5959
500 539 612 593 LVIII
1196 551 1505 579 -ι-ι-ι-

439 763 443 772 ’
502 757 615 823 tanto
635 744 816 822 solidiora
837 754 880 820 et
898 743 1080 832 duriora,
1106 747 1181 823 alia
1196 757 1356 835 autem,
1380 774 1430 824 eo
1446 747 1631 823 molliora
1651 745 1764 821 fiunt.
1816 740 2083 834 Loculamento,
2108 763 2178 836 qua

502 883 616 948 antea
638 887 762 952 marae
783 875 977 947 cavitates
999 872 1183 958 fuerunt,
1210 879 1286 953 vix
1310 875 1390 951 ulla
1413 874 1598 975 pellicula
1621 873 1922 956 discriminatae3
1947 893 2055 943 nunc
2076 869 2178 942 infir·

500 1002 652 1084 micres
680 998 889 1075 struuntur
915 1005 1300 1086 concamerationes,
1333 1002 1427 1076 dum
1460 1026 1484 1076 e
1510 1002 1632 1075 novis
1656 999 1840 1076 vasorum
1867 997 2053 1097 plexibus
2083 1014 2179 1092 pecu-

498 1126 609 1201 liaris
632 1129 735 1200 circa
757 1150 895 1201 earum
913 1129 1089 1225 parietes
1109 1128 1330 1226 deponitur,
1348 1129 1503 1212 succus,
1543 1128 1611 1221 qui
1633 1129 1807 1224 primum
1829 1121 2114 1221 spiffiusculam
2133 1143 2179 1192 re·

500 1253 581 1329 sert
609 1254 840 1349 gelatinam,
875 1251 1127 1350 postmodum
1153 1277 1256 1328 vero
1289 1255 1328 1327 in
1362 1253 1502 1328 solidas
1528 1253 1697 1327 duratur
1726 1252 1883 1335 thecas,
1919 1271 2068 1343 easque
2094 1269 2181 1322 nunc

500 1381 844 1458 moribranaceam
882 1400 991 1455 nunc
1023 1377 1315 1475 cartilagineas,
1353 1380 1553 1475 lignosas,
1592 1378 1735 1462 olleas,
1770 1378 1964 1475 lapideas,
2000 1376 2180 1468 aliasque:

500 1508 560 1579 uti
584 1506 671 1579 haec
697 1506 856 1605 plenius
888 1504 1387 1605 aMnnn1nnro(1.),
1423 1506 1646 1583 Gnnwro
1672 1503 1761 1602 (a.)
1791 1513 1834 1578 et
1867 1503 2180 1588 Dunnmnmo

465 1693 472 1701 .
502 1628 589 1729 (3·)
616 1630 797 1729 expofita
819 1633 920 1710 sunt.
949 1631 1212 1732 Receptaculam
1232 1635 1403 1728 denique
1422 1635 1611 1710 seminum
1632 1653 1864 1713 commune,
1890 1630 2086 1703 notabiles
2098 1650 2181 1720 quo·

501 1780 579 1852 que
603 1758 705 1834 subit
731 1761 997 1836 mutationes:
1034 1781 1125 1834 nam
1155 1763 1195 1834 in
1217 1762 1307 1834 aliis
1330 1759 1525 1837 mollescit
1556 1770 1599 1833 et
1628 1758 1834 1854 infigniter
1861 1765 2050 1849 augetur,
2093 1754 2182 1826 utin

501 1883 716 1978 Fragaria,
737 1881 894 1978 Ochna,
921 1883 1021 1959 Ficu
1045 1897 1118 1960 etc.
1146 1889 1186 1961 in
1208 1889 1296 1961 aliis
1318 1898 1477 1979 autem,
1504 1911 1558 1960 ex
1577 1887 1750 1959 molliori
1766 1895 1807 1958 et
1827 1883 2072 1962 succulento,
2094 1877 2182 1972 quod

500 2010 596 2094 ruit,
634 2008 772 2084 sensim
798 2010 847 2085 fit
869 2011 1142 2110 spongiosum,
1184 2014 1431 2096 tuberosum,
1471 2017 1566 2107 quin
1595 2024 1636 2088 et
1659 2012 1994 2106 lignosumatque
2016 2006 2183 2081 omnibus

502 2139 582 2213 suis
607 2136 845 2211 humoribus
868 2139 909 2211 in
931 2139 1150 2215 ovulorum
1184 2140 1435 2214 commodum
1460 2143 1657 2238 privatur.
1714 2136 1772 2210 Et
1790 2136 1841 2210 fic
1865 2155 2025 2229 quoque
2045 2127 2182 2210 funiculi

501 2260 728 2345 anrbilicalos,
782 2266 849 2357 qui
883 2266 964 2362 ipso
997 2266 1120 2340 ovulo
1157 2268 1345 2360 virgineo
1383 2267 1487 2364 saepe
1516 2265 1638 2364 duplo
1671 2262 1882 2337 craffiores
1910 2271 1953 2335 et
1986 2255 2188 2334 brevlffimi

499 2392 611 2483 lunt,
639 2388 865 2464 constanter
880 2391 968 2489 post
985 2391 1322 2467 foecundationem
1340 2403 1616 2466 extenuantur
1639 2400 1681 2466 et
1705 2393 1745 2462 in
1764 2390 1820 2462 fili
1836 2389 2105 2483 gracilescunt
2117 2375 2183 2455 for·

500 2541 624 2600 mam,
651 2538 726 2591 nec
750 2538 845 2590 raro
864 2519 982 2592 etiam
1001 2517 1192 2613 infignem
1216 2521 1254 2591 in
1280 2519 1443 2594 modum
1463 2520 1732 2613 elongantur:
1753 2518 1813 2591 uti
1831 2519 1870 2590 in
1888 2515 2029 2597 filino,
2060 2509 2183 2585 Cram-

499 2645 566 2728 be,
594 2639 805 2736 lVlagnolia
825 2652 870 2716 et
891 2645 978 2718 aliis
997 2646 1190 2720 videmus.
1243 2642 1398 2719 Omnes
1418 2655 1552 2722 autem
1577 2645 1642 2718 hae
1662 2644 1921 2725 mutationes,
1949 2638 2057 2736 quod
2078 2635 2183 2736 probe

500 2767 737 2852 notandum,
769 2791 852 2844 non
871 2769 941 2843 loli
964 2770 1268 2855 foecundationi,
1302 2773 1364 2846 sed
1391 2770 1503 2847 limul
1530 2793 1693 2866 quoque
1717 2770 1960 2863 vegetationi
1984 2765 2183 2842 adscriben-

500 2895 561 2972 tae
583 2894 691 2976 sunt,
725 2896 955 2988 quinetiam
978 2897 1128 2991 absque
1154 2883 1243 2982 ista,
1282 2900 1320 2971 in
1337 2895 1752 2974 nonnullislfruttibus
1769 2895 1901 2968 locum
1922 2893 2094 2976 habent,¹
2124 2907 2187 2961 nec

500 3018 838 3096 loecundationem
858 3021 987 3120 prelio
1017 3025 1118 3124 ped'e
1143 3026 1422 3120 insequuntur,
1460 3025 1522 3100 sed
1538 3023 1707 3097 durante
1724 3022 1954 3117 gestationis
1971 3028 2013 3094 et
2029 3029 2184 3092 matura·

499 3148 622 3223 tionis
643 3155 836 3242 tempore·
856 3148 1144 3236 absolvuntur,
1170 3175 1299 3247 quare
1327 3155 1445 3227 etiam
1471 3149 1578 3228 reste
1609 3147 1974 3224 Dunnnnnrus
2000 3144 2184 3243 (4.)1110·

500 3276 608 3357 nuit,
649 3271 755 3366 quod
776 3271 969 3369 inPyro,
1001 3275 1255 3373 Amygdalo,
1293 3278 1434 3353 Pruno
1455 3288 1534 3352 etc·
1557 3286 1655 3350 tunc
1680 3275 1841 3349 demum
1868 3275 2081 3373 pericarpii
2107 3287 2184 3342 caro

501 3402 649 3494 augeri,
676 3401 859 3498 incipiat,
903 3426 994 3478 cum
1019 3403 1171 3479 firmina
1189 3401 1273 3499 jam
1302 3403 1462 3505 plenam
1487 3402 1573 3478 fere
1610 3401 1719 3476 suam
1749 3398 1861 3476 natta
1889 3401 1980 3476 sunt
2011 3396 2185 3491 magnitu-

502 3525 650 3604 dinem..

598 3736 823 3835 Praecipuae
844 3760 989 3836 nempe
1003 3740 1444 3816 foecundationis·vir'es·
1458 3742 1495 3814 in
1509 3739 1811 3838 ovulumipsum
1825 3738 2075 3831 diriguntur,
2095 3723 2187 3825 quod

500 3863 547 3937 ab
571 3865 621 3937 iis
647 3866 847 3937 maximas
869 3868 1085 3962 experitur
1110 3866 1355 3940 mutationes
1376 3877 1419 3940 et
1441 3868 1480 3939 in
1504 3887 1661 3941 novum
1688 3886 1837 3963 corpus
1863 3865 2095 3957 organicum
2112 3875 2187 3930 con·
2255 3889 2257 3934 l

499 3990 694 4079 vertitur,
732 3989 958 4087 epartibus-
980 3992 1280 4066 continentibus
1309 4002 1349 4067 et
1367 3994 1568 4065 contentis
1599 3990 1872 4090 compositum.
1936 3987 2185 4064 Continentes
2255 3937 2257 4000 ¹

499 4123 653 4212 partes,
680 4111 1000 4191 Mrem-nmo
1025 4115 1082 4215 (5.
1092 4114 1133 4216 )·‚
1159 4114 1360 4195 Secundino
1378 4126 1549 4200 externa,
1574 4116 1776 4201 dicuntum
1802 4116 1918 4190 nobis
1936 4125 2068 4190 autem
2083 4128 2186 4207 gene·

499 4241 618 4313 ratim
641 4240 961 4334 augmentorum.
974 4246 1210 4342 propriorum¹
1224 4245 1390 4319 nomine
1425 4245 1615 4324 veniunt,
1648 4251 1694 4315 et
1713 4242 1858 4340 partim
1883 4266 1907 4314 a
1928 4239 2023 4333 stru,
2059 4235 2185 4338 partin

499 4362 789 4438 aconfistentia
808 4366 895 4451 sua,
921 4371 963 4442 in
993 4367 1125 4471 Testem
1148 4372 1180 4446 s..
1196 4373 1389 4446 extimam
1411 4370 1570 4444 seminis
1592 4370 1785 4455 tunicam,
1823 4378 1867 4446 et
1887 4372 1929 4442 in
1961 4363 2185 4446 Membrana

498 4490 688 4572 internam,
713 4490 739 4565 t
767 4495 981 4589 proprium
1006 4496 1138 4570 nuclei
1163 4496 1439 4572 indumentum
1462 4494 1748 4594 dispescuntur;
2101 4582 2184 4688 Testa

541 4773 587 4857 r.)
610 4776 668 4856 Op.
690 4794 773 4835 omna
795 4791 890 4857 pa74
911 4771 939 4842 fi
961 4784 1030 4853 246.
1051 4794 1147 4862 psrl.
1170 4775 1195 4842 f.
1215 4798 1282 4856 249.
1298 4782 1335 4842 G.
1404 4782 1451 4861 4)
1472 4775 1493 4840 l.
1514 4799 1539 4840 o
1563 4798 1595 4862 p.
1619 4791 1679 4851 ηε.

538 4895 586 4961 2.)
609 4888 758 4952 Anates
773 4888 889 4976 planta..
903 4907 924 4957 t.
946 4904 992 4963 80·
1014 4890 1037 4955 f.
1060 4912 1089 4955 r..
1105 4910 1131 4955 a.
1154 4907 1175 4956 t
1197 4904 1241 4963 8²·
1406 4927 1456 4996 ς’),
1475 4924 1532 5007 op
1555 4941 1638 4985 omn,
1660 4941 1691 5005 p,
1713 4941 1753 4984 m,
1776 4930 1823 5000 87,

537 5013 585 5080 3.),
603 5006 802 5087 Naturgesch.
830 5006 886 5070 der
915 5012 1043 5074 baumer
1070 5006 1140 5073 vol.
1164 5029 1185 5073 r.
1215 5029 1246 5096 p.
1274 5029 1337 5087 ul.

555 5169 557 5172 Ι
600 5112 669 5172 ²44
691 5096 832 5180 inprimis
854 5115 884 5182 p.
901 5113 964 5170 2³3³
