4567 5959
509 537 591 597 ΣΝ
1203 525 1514 578 a

508 733 658 810 nodum
689 734 824 825 solvit,
843 732 1082 806 irritium'et
1098 728 1216 828 plane
1241 727 1393 802 uullum
1417 726 1494 821 est,
1534 724 1741 838 postquam
1762 726 2180 814 Romanarum

507 859 582 960 (r)
605 861 772 935 niodum
790 861 943 942 docuit,
983 881 1064 951 quo
1087 856 1279 930 naturalia
1297 854 1476 949 quaedam
1499 854 1646 950 specius
1666 856 1830 953 plautae,
1864 858 1903 932 in
1925 857 2041 931 aliam
2066 858 2181 942 {aileu

507 988 728 1062 naturalem
755 990 915 1086 penitus
939 977 1217 1065 transmutari,
1243 983 1283 1058 dt
1304 993 1590 1064 transmutata,
1614 1006 1689 1080 pro
1715 983 1841 1058 lubitu
1866 980 2031 1074 nostru,
2053 985 2097 1062 iu
2113 988 2181 1082 pri·

504 1113 651 1189 stinum
676 1112 788 1187 suum
808 1110 951 1192 statum
978 1114 1125 1185 lterum
1151 1111 1285 1186 reduci
1307 1103 1434 1207 potiit.
1494 1105 1648 1182 Unicus
1667 1107 1767 1184 felix
1795 1107 1904 1184 istius
1928 1111 2181 1206 experimenti

505 1247 701 1321 eventus,
739 1241 874 1314 omnia
888 1233 1046 1333 jugulat
1064 1239 1243 1333 germina
1264 1231 1520 1333 praeformata
1540 1233 1579 1307 dr
1602 1231 1901 1309 luculentissime
1918 1234 2053 1321 docet,
2089 1239 2184 1330 quod
2253 1247 2254 1276 ³

391 1405 393 1410 .
504 1388 629 1443 novae
653 1365 797 1439 surmaa
819 1365 920 1438 ratio
941 1386 1025 1439 uon
1047 1365 1085 1438 in
1109 1365 1329 1440 nutritione
1347 1359 1561 1455 quaereuda
1579 1358 1642 1444 uc,
1674 1363 1765 1455 quia
1780 1367 1911 1438 omnis
1926 1362 2058 1455 devia,
2091 1386 2181 1440 aua·

504 1492 623 1567 turali
650 1491 719 1565 suo
742 1492 919 1574 tramite,
952 1492 1142 1573 nutritio,
1176 1488 1469 1574 deformitates,
1500 1487 1665 1561 morbos
1691 1485 1731 1562 dt
1751 1485 2084 1574 monstrorum,
2113 1511 2183 1570 nou
2253 1549 2254 1558 2

503 1615 605 1692 ver'o
638 1599 907 1691 harmonicam
938 1619 1111 1714 partium
1137 1614 1325 1689 fabricam
1353 1613 1547 1711 producit.
1615 1611 1742 1708 Atqui
1768 1636 1868 1689 uero
1896 1615 1933 1690 iu
1956 1625 2182 1693 transmuta-

503 1745 614 1817 tione
637 1743 854 1841 specierum
885 1766 959 1841 per
986 1741 1246 1818 intermedius
1272 1739 1420 1836 gradus
1441 1738 1639 1834 lrybridoa
1664 1751 1846 1838 operata,
1883 1741 1995 1818 nulla
2024 1765 2182 1837 unquam
2253 1723 2254 1726 Ὺ

504 1869 758 1952 deformitas,
793 1868 854 1943 sed
877 1872 1012 1969 potius
1030 1866 1316 1945 evidentissima
1336 1865 1554 1966 progredlio
1575 1865 1805 1946 harmonica
1823 1868 1944 1942 unius
1968 1867 2110 1945 foriuae
2127 1892 2183 1946 ua-

504 1993 644 2069 turalis
672 1998 709 2068 iu
734 1994 848 2102 aliam
870 1997 1120 2074 observatur:
1162 1993 1279 2088 'Ergo
1304 2016 1380 2067 nec
1401 1993 1513 2068 causa
1533 1991 1716 2088 hybridae
1737 1991 1881 2068 sormaa
1902 1996 1941 2068 in
1962 2000 2184 2080 nutritium.

503 2144 578 2196 uec
602 2122 825 2220 plantarum
844 2121 1106 2216 hybridarum
1129 2131 1245 2195 ortus
1267 2122 1304 2191 in
1328 2123 1510 2213 germiae
1530 2118 1811 2216 praeformato,
1849 2140 1923 2196 uec
1945 2120 2114 2220 denique
2136 2125 2182 2221 ip

503 2247 541 2322 sa
562 2250 786 2342 germinum
807 2248 1083 2346 praeformatio
1108 2250 1149 2320 in
1173 2247 1345 2324 ueritate
1373 2245 1412 2320 &
1440 2243 1594 2319 Natura
1618 2243 1781 2319 fundata
1802 2243 1879 2318 eise
1897 2246 2067 2346 possunt
2100 2248 2183 2343 Qui·

502 2374 577 2449 bus
597 2387 794 2472 praeterea
814 2375 963 2457 modia,
983 2372 1196 2478 ,nonnulis
1220 2372 1423 2471 placuerit,
1448 2371 1573 2469 sopita
1590 2373 1627 2443 in
1648 2372 1783 2450 ovulir
1805 2377 1984 2466 germina
1995 2374 2184 2470 evigilari:
2244 2399 2248 2408 ⁴

502 2500 707 2574 aune'scil.
728 2524 751 2573 a
776 2498 932 2576 iliruulo
957 2500 1164 2596 spermatis
1186 2499 1396 2578 haliumsm
1441 2507 1510 2571 aut
1535 2497 1583 2570 ab
1605 2495 1869 2573 ommauone
1897 2501 2085 2577 vasormu
2106 2501 2183 2594 stig-

502 2631 621 2701 matis
642 2627 916 2701 exhalantium
941 2627 1034 2718 (a),
1079 2637 1150 2698 aut
1170 2649 1192 2699 a
1215 2623 1452 2698 redundanti
1479 2625 1773 2700 illamentorum
1801 2625 1972 2700 humore
1997 2626 2090 2725 (3ll
2125 2636 2185 2702 ard

502 2734 714 2848 deniquea
736 2754 916 2851 resorpto
946 2749 1109 2825 ueslarii
1131 2751 1244 2825 succo
1269 2751 1341 2843 (4)
1364 2748 1620 2826 excitentur?
1662 2751 1700 2826 id
1723 2743 2082 2838 omne'lilebimus,
2111 2764 2185 2829 uta

501 2879 625 2975 lon'go
648 2881 832 2979 tempore
851 2863 1091 2962 obdormita,
1115 2899 1191 2976 per
1210 2899 1311 2960 nos,
1344 2880 1383 2951 in
1406 2901 1526 2958 mune
1548 2901 1684 2955 aevum
1708 2877 1856 2976 placide
1876 2883 2138 2975 requiescant.

597 3087 702 3168 Non·
722 3091 823 3168 alius
845 3090 966 3184 igitur
989 3090 1195 3166 rationalis
1214 3089 1388 3189 suppetit
1411 3087 1574 3181 modus,
1608 3112 1689 3192 quo
1708 3111 1831 3166 uovae
1850 3089 1994 3168 sobolis
2016 3106 2134 3174 ortus
2154 3089 2185 3168 dt

501 3214 689 3298 formatio
706 3220 866 3316 operari
886 3215 1014 3316 polilt,
1042 3224 1311 3314 praeterquam
1330 3217 1394 3291 ille
1410 3213 1525 3302 solus,
1550 3238 1669 3314 quem
1684 3211 1768 3312 jam
1783 3228 1946 3294 veteres
1961 3219 2183 3299 docuerunt.

501 3340 542 3425 u
562 3344 630 3437 qui
658 3346 697 3416 iu
713 3343 876 3443 simplici
897 3342 1058 3426 miscela
1071 3342 1270 3436 geniturae
1288 3346 1498 3438 utriusque
1525 3344 1647 3419 sexum
1668 3342 1708 3419 a<
1735 3344 1775 3417 iu
1795 3348 2000 3445 reciproce
2024 3365 2185 3450 propor-

500 3470 651 3550 tionata
672 3468 836 3568 duplicis
856 3471 1062 3569 spermatis
1086 3469 1238 3546 virtute
1254 3467 1443 3546 fundatus
1464 3468 1531 3546 est.
1582 3468 1674 3544 Hoc
1687 3472 1793 3550 euim
1813 3492 1957 3548 verum
1971 3472 2053 3550 eise
2071 3470 2186 3548 omnis

500 3591 772 3689 generationis
795 3598 1057 3696 principium,
1104 3616 1189 3670 non
1218 3593 1342 3670 solum
1365 3619 1425 3671 ex
1449 3593 1639 3672 hactenus
1661 3592 1772 3672 diilis
1805 3597 2036 3684 conficitur,
2078 3596 2139 3676 scd
2156 3591 2185 3668 id
2250 3619 2251 3674 l

451 3725 454 3731 ’
499 3744 658 3817 quoque
683 3722 896 3800 confirmat
923 3719 1260 3819 frequentissimus
1282 3744 1356 3819 per
1380 3721 1610 3798 universum
1631 3725 1858 3800 viventium
1881 3747 2095 3822 regnuma
2117 3718 2186 3800 Na·

499 3856 590 3929 tura
605 3846 815 3924 ,institutus
835 3848 955 3926 sexus
977 3848 1148 3946 duplex;
1184 3847 1221 3922 id
1242 3846 1386 3921 docent
1415 3848 1641 3921 animalium
1668 3859 1827 3945 partus,
1870 3851 2076 3951 saepissime
2099 3849 2185 3925 utri·

499 3995 578 4066 que
604 3982 815 4070 pareutum
838 3973 1003 4059 similem
1036 3973 1072 4048 id
1093 3976 1266 4049 innuunt
1284 3974 1464 4072 diphytae
1488 3975 1670 4072 inprimis
1694 3975 1859 4072 plantae,
1885 3998 1976 4071 quae
1997 4003 2057 4055 ex
2081 3977 2117 4053 se
2138 3979 2184 4073 ip·
2248 3917 2250 4048 l

499 4097 569 4182 fis,
594 4098 746 4172 nitu-ist
774 4121 906 4176 mares
926 4109 994 4174 aul:
1014 4098 1184 4174 feminas
1207 4099 1363 4174 seorsim
1389 4102 1428 4174 in
1453 4101 1640 4194 gemmis3
1667 4122 1721 4174 ex
1740 4103 1883 4200 copula
1902 4115 2059 4195 autem,
2095 4102 2186 4177 sobo·

499 4223 577 4302 lem
602 4223 850 4300 diversorum
881 4247 1075 4334 generum
1095 4222 1263 4320 junitim
1298 4227 1338 4300 iu
1370 4225 1583 4302 seminibus
1602 4226 1839 4323 proferunt3
1894 4226 1999 4306 &id
2033 4227 2187 4319 denique
2248 4277 2249 4346 p

499 4349 567 4424 vel
595 4351 766 4425 maxime
787 4355 977 4428 evincunt
1003 4337 1150 4449 plautae
1168 4350 1372 4446 hybridae,
1398 4373 1568 4448 quarum
1591 4355 1668 4452 ipsa
1685 4354 1815 4450 ligura
1838 4364 2031 4440 externa,
2060 4355 2184 4430 misce·
2248 4349 2249 4376 ³

498 4476 577 4552 lam
602 4478 816 4570 imaginum
840 4482 1050 4572 utriusque
1074 4479 1234 4558 suorum
1254 4488 1466 4576 parentum
1482 4479 1707 4558 luculenter
1729 4481 1906 4556 exhibet.
1955 4480 2070 4556 Hinc
2091 4473 2185 4552 nullo
2247 4489 2249 4554 l

498 4622 580 4682 uon
608 4614 791 4699 tempore
818 4604 905 4680 haec
935 4601 1132 4687 doctriua,
1169 4614 1310 4703 utpote
1334 4603 1605 4704 ampliciffima
1623 4616 1743 4702 atque
1767 4604 2069 4700 uatmaliisrma,
2109 4602 2186 4676 suos

2065 4725 2187 4810 aaut

542 4912 586 5024 1.)
607 4915 704 4975 Dritte
728 4912 856 4975 Forrsez.
880 4934 908 4996 p.
933 4931 972 4989 51.
993 4912 1075 4997 seqq.
1408 4918 1456 5000 3.)
1479 4917 1671 4982 Pou‘ren.
1693 4916 1816 4982 Authul.
1835 4889 1869 5004 ᾖ.
1891 4917 1941 4997 67.
2247 4869 2248 4874 η

2246 4891 2247 4940 l

2246 4943 2247 4988 l

540 5062 585 5124 ι.)
608 5057 814 5118 Bossrcx.
831 5052 953 5118 nissen.
977 5053 1014 5116 de
1037 5054 1153 5117 anthat.
1178 5075 1206 5138 p.
1230 5068 1276 5132 aa·
1408 5063 1630 5135 ulutatu.
1654 5064 1763 5132 uum.
1780 5058 1889 5156 Effare
1908 5081 1938 5144 p·
1959 5070 2032 5135 273·
