4567 5959
797 525 1104 608 ···-.......-·.-=
1710 531 1800 622 axv

193 739 243 811 ι’.
267 728 452 812 Brasoete
466 731 657 820 florales,
684 731 777 810 duria
798 731 838 807 iri
854 733 983 808 variis
995 730 1141 831 plantis
1154 730 1409 834 perlllt'entes
1424 741 1545 836 atque
1559 741 1796 837 grandiores

103 861 228 947 sasire,
250 862 398 938 semina
411 861 515 937 nuda
535 863 574 935 in
593 859 678 935 linu
699 859 769 935 suo
785 858 947 944 fovent,
971 858 1010 936 dr
1024 880 1196 935 unacum
1210 859 1289 947 his,
1315 866 1489 941 mixtum
1502 868 1700 963 quoddam
1710 891 1795 945 cor.

103 1011 173 1093 pus
199 988 395 1082 efficiunt,
421 991 461 1062 in
491 988 729 1086 peculiarem
759 984 927 1060 sormam
957 984 1198 1061 adolescens.
1248 981 1316 1062 Sio
1348 986 1462 1067 Canus
1491 990 1515 1066 l.
1539 990 1717 1071 Strobilos
1739 1018 1796 1072 ex

103 1119 239 1193 amenti
261 1115 423 1190 feminei
448 1110 617 1188 bradieis
644 1115 833 1208 emergit,
857 1115 960 1186 circa
980 1134 1099 1185 axem
1121 1134 1372 1189 communem
1401 1116 1631 1194 informem
1658 1122 1793 1195 conoi-

103 1242 207 1318 deam
226 1241 387 1336 digestis
410 1240 449 1315 ὅ(
470 1238 768 1316 maturescendo
790 1240 830 1313 in
852 1240 1088 1323 coriaceam,
1114 1237 1353 1324 suberosam,
1376 1252 1448 1316 aut
1471 1244 1658 1339 lignosam
1685 1245 1794 1321 duri·

101 1370 188 1444 tiem
201 1364 426 1442 conversas:
452 1367 492 1439 in
518 1364 639 1460 Pino,
664 1359 817 1459 Thuja,
842 1362 1063 1440 Zamia&o
1116 1359 1286 1441 Galbalas
1306 1362 1392 1464 (a.)
1409 1375 1544 1443 autem
1561 1370 1626 1454 fit,
1652 1368 1795 1470 liipsae

102 1494 172 1569 illae
188 1495 360 1589 squamae
371 1494 410 1565 in
423 1490 593 1568 formam
608 1491 808 1586 globosam
823 1488 1014 1588 dispofltae
1025 1490 1135 1576 sunt,
1160 1500 1281 1587 atque
1301 1516 1375 1591 per
1391 1497 1660 1572 maturitatem
1676 1496 1796 1592 suam,

99 1618 387 1694 nuncexaridae
402 1617 442 1692 in
457 1620 585 1716 peltas
600 1618 823 1716 dehiscunt,
847 1627 892 1690 ut
920 1620 958 1690 in
978 1613 1189 1716 Cupreffo,
1216 1640 1323 1692 nunc
1342 1641 1445 1697 vero
1460 1623 1566 1696 inter
1582 1623 1619 1697 se
1636 1623 1793 1701 conser-

99 1746 320 1828 tuminatae,
348 1744 479 1819 mollis
504 1744 631 1818 baccae
652 1743 818 1841 speciem
844 1742 1037 1826 induunt,
1067 1752 1115 1819 ut
1143 1746 1181 1817 in
1215 1741 1420 1852 Jun'ipero.
1469 1745 1528 1820 Et
1547 1745 1600 1823 fic
1621 1749 1793 1843 deniquo

98 1875 206 1946 etiam
224 1869 400 1964 frugifer
418 1872 552 1970 prodit
568 1865 708 1974 yrias,
733 1890 824 1942 cum
845 1867 927 1943 istae
945 1867 1116 1962 squamae
1130 1872 1234 1945 circa
1248 1869 1475 1946 filiformem
1490 1895 1631 1958 axem,
1653 1879 1691 1948 in
1703 1876 1794 1952 lon·

96 1999 132 2091 gi
143 1996 358 2072 farciminis
375 1998 543 2097 speciem
558 1996 740 2093 digestae,
764 2017 872 2069 nunc
890 1992 958 2067 libi
984 2005 1124 2070 mutuo
1149 1991 1256 2073 arcte
1275 1998 1525 2081 incumbunt,
1550 2008 1597 2074 ut
1613 2002 1651 2073 in
1665 2000 1793 2076 Betu·
1925 2093 1928 2102 Ι

95 2124 145 2209 la,
168 2145 274 2199 nunc
294 2132 430 2200 autem
456 2127 496 2198 in
518 2122 770 2219 squarrosum
794 2121 942 2196 laxatae
964 2141 1185 2207 racemum,
1219 2122 1414 2198 incuriose
1444 2124 1715 2223 propendent,
1746 2134 1794 2202 ut

96 2253 132 2326 in
149 2249 337 2355 Carp1no.

179 2439 234 2512 2⁰.
259 2433 525 2511 Involucrum
543 2429 677 2518 floris,
702 2440 784 2508 tam
800 2432 1011 2531 proprium
1020 2451 1138 2527 quam
1156 2452 1386 2516 commune,
1423 2431 1625 2509 interdum
1636 2429 1791 2514 fruetus

94 2560 250 2639 sormam
271 2561 412 2637 induit
459 2557 521 2633 Ita
546 2579 692 2634 nucem
715 2557 951 2651 aemulatur,
982 2577 1150 2653 eamque
1171 2556 1383 2655 lapideam,
1415 2561 1456 2635 in
1476 2557 1790 2654 Lithagrostidea

92 2709 133 2763 ac
147 2691 387 2772 coriaceam,
413 2687 573 2761 uni-aut
586 2684 864 2777 bilocularem,
892 2686 932 2757 in
949 2681 1159 2757 Ambrosia
1180 2682 1219 2756 ὅ(
1232 2680 1421 2764 Xanthio.
1472 2681 1532 2761 Ita
1547 2689 1585 2761 in
1601 2684 1789 2782 fungosae

92 2815 162 2889 abit
186 2817 348 2900 thecas,
376 2812 521 2909 quibus
543 2812 746 2886 variarum
776 2808 1059 2908 Dipsacearum
1082 2806 1230 2883 semina
1256 2810 1400 2888 vestita
1431 2812 1531 2916 liant
1581 2812 1640 2888 Ita
1666 2837 1786 2895 veras

91 2942 253 3041 capsulas
275 2939 466 3019 valvatas
484 2939 676 3012 mentitur
694 2938 735 3010 in
752 2933 866 3031 Fago
889 2930 1146 3012 &Castanea
1194 2931 1254 3010 Et
1273 2939 1327 3013 ita
1347 2940 1386 3012 in
1409 2940 1610 3015 carnosam
1631 2940 1788 3021 baccam
1917 3035 1924 3042 ,

91 3076 153 3142 ant
176 3069 213 3142 in
229 3066 400 3166 cupulas
421 3059 587 3159 fungoso
610 3064 809 3137 coriaeeas
832 3063 1101 3147 convertitur,
1127 3059 1273 3155 quibus
1294 3064 1455 3140 nuculae
1474 3062 1602 3154 Taxi,
1627 3066 1788 3168 Ceryli,

91 3190 264 3289 Quercus
278 3245 295 3280 ,
322 3193 438 3271 vario
451 3187 570 3266 modo
587 3185 779 3264 conclusae
798 3189 899 3263 sunt

177 3408 230 3496 3⁰.
255 3401 393 3480 Paleae
409 3398 646 3497 receptaculi
656 3397 899 3480 communis,
921 3416 1016 3471 raro
1031 3393 1214 3492 quidem,
1239 3397 1302 3475 sed
1321 3401 1359 3475 in
1372 3392 1567 3498 Scolymo
1581 3400 1788 3502 angiosper·

90 3549 156 3614 no,
178 3524 600 3629 prorsusmemorabili
613 3523 821 3620 exemplo,
848 3524 886 3595 in
900 3523 1182 3620 conceptacula
1193 3525 1489 3603 membranacea
1500 3527 1670 3613 abeunt,
1696 3550 1789 3623 quae

90 3654 417 3748 seminaundique
437 3648 679 3725 claudunt&
701 3647 867 3747 capsulae
890 3647 1007 3721 alatae
1028 3646 1195 3746 speciem
1221 3652 1538 3749 praeseferunt:
1570 3651 1789 3747 quaenam

90 3783 163 3857 soll
188 3781 312 3864 nota,
338 3779 402 3852 hic
421 3774 639 3872 Scolymus
666 3774 714 3847 ab
747 3774 894 3866 altero,
932 3772 958 3851 s.
992 3772 1189 3861 macrino,
1223 3783 1313 3852 tuto
1337 3776 1581 3856 discernitur.
1632 3773 1789 3854 crusta

92 3911 314 3986 exteriores
351 3903 543 3981 seminum
574 3896 808 3997 Rhagadioli
834 3895 875 3975 δι
909 3897 1158 4000 Koelpiniae,
1206 3902 1380 4001 eandem¹
1410 3905 1609 4002 originem
1633 3902 1788 4000 ⁸habere

93 4034 289 4112 uidentur.

182 4221 246 4311 4⁰.
276 4212 434 4311 Calyx,
457 4216 498 4290 in
517 4211 703 4290 omnibus
720 4207 890 4326 floribus
910 4204 1084 4306 superis,
1109 4209 1297 4285 ovarium
1310 4206 1360 4285 ad
1374 4209 1787 4310 maturitatem'usque
1845 4185 1849 4190 ’

92 4340 191 4418 suam
215 4342 492 4420 comitatur&
514 4363 604 4416 cum
630 4363 681 4413 eo
703 4335 943 4442 plerumque
964 4332 1063 4410 adeo
1089 4330 1196 4410 ardie
1210 4333 1410 4420 coalescit,
1452 4344 1500 4411 ut
1514 4357 1643 4413 unum
1669 4337 1787 4414 ambo
1910 4439 1912 4446 y

93 4468 339 4544 indiscretum
359 4488 508 4566 corpus
532 4461 733 4548 efficiant,
757 4482 882 4559 quare
905 4460 1024 4570 etiam
1051 4456 1517 4541 Tounnnronrrus
1550 4461 1657 4562 (a),
1681 4458 1790 4561 ejus·

92 4594 194 4672 modi
205 4596 366 4692 calyces
389 4596 430 4670 in
444 4589 620 4670 frustum
640 4590 775 4676 abire,
800 4583 1008 4694 reiiilsame
1032 4582 1146 4665 dixit
1194 4583 1354 4669 Praeter
1375 4587 1466 4668 illos
1481 4591 1638 4677 autem,
1662 4588 1791 4687 saepis-

385 4730 390 4738 ’
1694 4711 1791 4790 lime

135 4932 584 5018 metamucense
606 4933 641 4997 1.
663 4949 732 4996 no
753 4948 805 5013 4ο.
1004 4924 1316 5018 &sareapai-1

858 5125 902 5166 1,·
929 5107 945 5161 1
