4567 5959
815 514 1296 608 PRAEFATIO.

197 759 282 814 non
300 734 427 810 folum
454 686 754 828 adoptavimus,
781 727 843 806 fed
867 727 1014 804 &eam
1035 727 1155 827 paulo
1180 728 1300 804 latius
1320 730 1602 816 extendimus,
1635 738 1726 830 quia
1749 740 1827 836 ipsa
1841 727 1904 824 'seq

135 952 147 970 .
200 897 356 969 minum
382 883 721 984 imperfeftlorum
745 885 892 959 fabrica
917 883 956 957 id
980 883 1142 959 suadere
1161 884 1393 959 videbatur:
1429 897 1477 961 ut
1500 895 1634 962 tamen
1660 890 1744 965 falli
1764 889 1911 982 fimus,

196 1050 242 1126 dr
267 1052 410 1124 iterum
427 1046 587 1134 quoque
605 1037 772 1115 libenter
789 1039 1002 1124 fateamur,
1028 1040 1135 1132 quod
1158 1027 1242 1115 tota
1267 1040 1332 1116 illa
1351 1021 1529 1117 doftrina
1556 1067 1670 1118 mero
1692 1046 1827 1122 saltem
1845 1053 1906 1122 ni·

200 1212 313 1277 tatur
339 1198 570 1278 ratiocinio,
595 1194 636 1268 &
659 1194 766 1287 quod
787 1194 1007 1272 firmiorem
1037 1195 1165 1269 adhuc
1187 1197 1291 1271 bafin
1312 1221 1334 1271 a
1359 1200 1542 1295 repetitis
1572 1203 1744 1273 nancisci
1767 1202 1907 1278 debeat

197 1353 515 1454 experimentis,
543 1357 753 1443 antequam
766 1354 898 1428 omnis
917 1352 1022 1428 dubii
1039 1373 1190 1450 expers
1206 1353 1279 1428 dici
1294 1353 1421 1452 poffit.
1450 1354 1496 1428 In
1513 1354 1747 1453 explicanda
1760 1355 1907 1432 fabrica
1925 1361 1927 1365 ’
1968 1379 1972 1398 ²

200 1512 317 1588 ovuli
338 1505 592 1601 vegetabilis,
617 1498 788 1597 ejusque
814 1507 1226 1582 transformationem
1249 1509 1382 1583 semen
1403 1510 1547 1607 ipsum,
1574 1510 1757 1603 egregias
1779 1509 1907 1586 11111-
1956 1585 1959 1590 ⁴
2025 1557 2040 1578 ι

201 1687 347 1742 einim
370 1682 458 1760 prae
473 1659 601 1734 oculis
620 1657 833 1735 habuimus
855 1663 1173 1751 observationem
1199 1667 1238 1740 &
1255 1665 1457 1762 praecipua
1479 1659 1600 1758 hujus
1616 1668 1909 1764 metamorpho·
2007 1635 2015 1664 a

202 1821 293 1895 seos
309 1822 512 1892 momenta
532 1837 587 1887 ex
609 1813 657 1886 iis
674 1812 884 1891 haulimus.
934 1817 998 1896 De
1015 1822 1306 1913 germinatione
1327 1828 1480 1902 autem,
1507 1816 1758 1905 colleftione,
1786 1824 1909 1897 medi·

199 1976 379 2054 catione,
404 1966 604 2046 satione&
623 1968 795 2044 custodia
809 1972 1020 2057 feminum,
1046 1974 1202 2049 nonnisi
1221 1973 1508 2069 generalillima
1528 1973 1788 2061 adduximus,
1819 1980 1910 2070 quia

201 2133 294 2206 haec
313 2126 448 2203 omnia
463 2133 581 2198 extra
596 2124 794 2220 epitomes
813 2126 962 2203 nostrae
976 2129 1175 2206 cancellos
1190 2128 1315 2227 posita
1328 2129 1370 2204 dr
1384 2132 1554 2229 propius
1565 2128 1613 2202 ad
1627 2127 1909 2225 Carpologiam

201 2285 421 2386 praelicam
449 2277 624 2379 speciae
649 2283 950 2360 arbitrabamur.
1060 2357 1064 2365 .

312 2608 359 2683 In
387 2609 511 2688 altera
538 2616 638 2690 tomi
663 2625 778 2713 parte
810 2615 1079 2714 specialiorem
1103 2613 1355 2711 respeximus
1386 2609 1590 2688 fruftuum
1618 2611 1833 2696 fabricam,
1875 2613 1914 2686 &

204 2791 353 2844 eorum
376 2773 595 2864 quingenta
618 2770 877 2843 exhibuimus
899 2747 1066 2862 ge‘nera,
1093 2767 1322 2865 simpliciter
1342 2769 1382 2844 &
1397 2769 1547 2860 absque
1565 2766 1645 2838 ulla
1665 2767 1853 2840 methodo
1875 2770 1914 2838 in

203 2919 427 2998 Centurias
455 2924 622 3019 digesta,
658 2934 851 3002 caventes
880 2921 1032 3010 saltem,
1070 2933 1265 3018 quantum
1288 2926 1419 3008 licuit,
1451 2947 1504 2997 ne
1527 2924 1916 3020 mormcotyledones

207 3077 574 3176 dicoeyledonlbus,
600 3099 674 3156 nec
695 3075 827 3178 superi
842 3076 984 3154 inferis
1005 3079 1269 3154 miscerentur
1279 3076 1461 3154 fruitus:
1487 3077 1606 3156 alium
1631 3078 1915 3155 enim‘se'rvar'e

209 3231 412 3319 ordinem,
439 3233 714 3334 insuperabilis
730 3231 936 3330 prohibuit
954 3233 1166 3310 difficultas
1183 3234 1424 3311 desideratos
1443 3231 1599 3309 fruflus
1611 3229 1718 3329 justo
1734 3243 1918 3332 tempore

200 3349 441 3475 obtinendi,
463 3401 512 3465 ut
529 3394 652 3466 etiam
669 3391 798 3469 variis
813 3385 1007 3464 fructibus
1026 3393 1248 3489 europaeis:
1273 3391 1421 3474 Acori,
1446 3389 1637 3474 Linneae,
1663 3387 1829 3464 Ado'xae
1845 3387 1916 3461 &o

208 3542 436 3620 adhucdum
459 3548 736 3624 destituamur:
761 3564 887 3639 quare
910 3544 1126 3620 neceffitati
1150 3546 1397 3640 obedientes,
1422 3542 1703 3620 miscellaneam
1728 3541 1831 3617 hanc
1849 3564 1917 3635 ge-

207 3721 361 3774 nerum
381 3702 576 3797 elegimus
597 3701 904 3802 dispositionem,
930 3698 1058 3775 donec
1074 3711 1162 3780 tota
1174 3725 1318 3778 eorum
1336 3703 1455 3778 turba
1474 3700 1543 3774 sub
1555 3699 1679 3774 finem
1695 3699 1831 3796 operis
1845 3719 1919 3794 per

209 3855 370 3931 tabulas
382 3857 629 3956 synopticas,
654 3878 826 3953 quarum
842 3857 882 3928 in
901 3859 1030 3954 prima
1047 3855 1218 3933 11111111
1232 3858 1414 3934 dedimus
1428 3856 1681 3952 exemplum,
1708 3853 1747 3925 in
1762 3850 1919 3925 metho-

213 4010 313 4083 dum
332 4010 458 4104 redigi
477 4017 640 4109 poterit
691 4010 855 4088 Genera
873 4010 967 4108 ipsa,
997 4018 1214 4088 maximam
1234 4021 1391 4111 partem
1415 4036 1440 4086 a
1458 4010 1563 4096 flore
1582 4003 1798 4099 fruftuque
1822 4004 1918 4080 defi·
1959 3990 1962 3996 ¹
2049 4067 2070 4113 s
2129 4051 2131 4054 -

213 4163 302 4234 nita
319 4166 619 4258 proposuimus3
646 4189 737 4261 quae
753 4176 888 4242 autem
910 4163 1029 4240 aiolo
1047 4165 1179 4242 111111
1196 4168 1371 4244 11111111
1386 4161 1651 4254 armiferum,
1679 4184 1724 4235 ea
1743 4182 1823 4232 non
1839 4181 1922 4231 om·

214 4319 286 4392 nia
304 4339 380 4415 pro
402 4317 591 4412 legitimis
610 4321 893 4403 venditemus,
918 4319 982 4394 111
1002 4322 1114 4396 varia
1133 4341 1298 4402 eorum,
1323 4319 1544 4419 praesertim
1567 4338 1622 4391 ex
1642 4312 1921 4388 Umbellifera-

213 4495 311 4546 rum
328 4473 456 4557 tribu,
482 4495 559 4570 pro
579 4473 740 4550 fasticiis
765 4474 805 4548 dr
828 4481 948 4547 extra
966 4472 1222 4572 Carpologiae
1245 4473 1415 4547 orbitam
1434 4475 1509 4548 vix
1533 4483 1602 4546 aut
1615 4452 1733 4570 plane
1760 4489 1840 4540 non
1854 4464 1921 4539 ad·
1982 4539 1987 4548 ,
2042 4545 2045 4553 ,

216 4626 425 4700 mittendis
444 4623 700 4705 declaramus.
750 4627 924 4705 Nomina
938 4628 1118 4723 quaedam
1138 4631 1343 4721 generice,
1369 4625 1493 4721 vulgo
1507 4633 1686 4721 recepta,
1703 4624 1847 4722 partim
1866 4644 1922 4695 ex
2077 4598 2080 4603 ¹

216 4779 468 4863 necestitate,
494 4784 637 4878 partim
661 4806 820 4878 quoque
838 4757 911 4856 alia
930 4783 978 4857 de
994 4783 1105 4856 causa
1120 4787 1388 4898 mutavimus:
1415 4782 1571 4877 quando
1594 4802 1739 4876 nempe
1760 4777 1923 4852 exoleta

219 4933 464 5014 videbantur
485 4940 668 5024 meliora,
704 4949 774 5013 aut
795 4937 953 5033 quando
979 4938 1122 5035 primis
1152 4937 1448 5019 inventoribus,
1476 4935 1679 5008 Bnuxsro
1701 4931 1923 5028 praesertim

1066 5094 1091 5168 b
1885 5079 1926 5154 dc
