4567 5959
806 550 1109 608 π
1681 539 1797 599 xxx!

99 761 273 854 demque
296 750 431 854 postea
446 751 652 845 ingeratur
669 749 803 849 pollen
820 761 1040 839 maturum3
1071 763 1141 829 aut
1160 752 1337 827 sumatur
1361 750 1514 846 oleum,
1549 753 1798 852 insuperiori

101 886 386 984 experimento
403 878 568 978 pollinis
585 874 742 972 liquore
757 880 884 976 probe
900 879 1136 973 sanaratum,
1160 888 1204 968 et
1218 878 1257 954 id
1276 876 1417 977 ipsum,
1446 882 1494 956 ab
1513 882 1698 956 omnibus
1712 878 1799 955 aliis

100 1011 284 1111 partibus
302 1008 379 1081 rite
403 1003 660 1103 depuratum,
691 1002 799 1079 nudo
818 1008 1025 1101 ingeratur
1038 1003 1227 1101 stigmati:
1261 1006 1302 1077 in
1323 1014 1496 1100 utroque
1521 1007 1610 1081 casu
1634 1004 1799 1104 perinde

100 1133 272 1211 feliciter
293 1130 482 1207 'succedet
505 1130 663 1204 seminis
689 1129 952 1215 foecundatio,
985 1131 1077 1205 acsi
1103 1131 1150 1205 ab
1180 1130 1405 1204 immediato
1437 1133 1596 1207 seminis
1616 1126 1800 1206 contastu

101 1259 236 1336 fuisset
249 1268 431 1354 operata;
455 1255 494 1330 dc
514 1258 551 1328 in
570 1266 717 1332 neutro
740 1267 872 1332 tamen
889 1255 993 1341 casu,
1019 1255 1146 1330 ullum
1167 1256 1291 1333 adesse
1308 1259 1459 1356 poterit
1479 1257 1632 1332 sovillae
1649 1241 1798 1352 granu-

102 1386 214 1458 lum:
272 1381 387 1476 Ergo
411 1381 687 1464 manifestum,
733 1380 840 1476 quod
861 1380 1105 1457 soecundatio
1133 1404 1216 1455 non
1238 1383 1351 1481 huic,
1390 1383 1453 1457 sed
1481 1383 1612 1457 oleoso
1638 1382 1800 1482 pollinis

101 1510 253 1604 liquori
272 1508 481 1592 debeatur,
507 1505 548 1582 ὅ(
569 1507 873 1602 consequenter,
898 1507 1006 1603 qnod
1028 1508 1094 1582 ille
1111 1508 1217 1583 solus
1238 1507 1382 1585 verum
1401 1512 1627 1610 plantarum
1645 1509 1801 1607 sperma

102 1633 296 1710 dicendus
314 1632 370 1710 sit

205 1842 331 1919 Hisce
363 1840 543 1938 partibus
567 1817 786 1922 absolvitur
805 1843 950 1920 fabrica
979 1847 1210 1940 genitalium
1239 1851 1278 1924 in
1308 1835 1802 1976 pla‘is'persestioribus.

103 1969 151 2042 In
174 1966 534 2067 impersettioribus
552 1979 687 2074 putem
707 1971 826 2065 longe
842 1968 917 2045 alia
934 1994 1070 2045 rerum
1088 1971 1215 2047 facies
1239 1973 1314 2058 est,
1341 1972 1659 2070 qnandoquidem
1685 1976 1722 2046 in
1741 1975 1804 2049 his

103 2096 206 2170 nihil
227 2096 453 2192 reperiatur
470 2094 578 2188 quod
595 2096 662 2171 vel
682 2096 883 2180 antherae,
916 2097 984 2170 vel
1001 2096 1142 2194 pollini
1164 2097 1255 2173 satis
1272 2101 1373 2174 bene
1390 2098 1647 2196 respondeat,
1685 2110 1805 2194 atque

104 2241 251 2296 omnes
270 2229 406 2319 partes
426 2220 637 2314 genitales,
663 2230 814 2320 praeter
833 2221 934 2296 solas
948 2221 1157 2313 femineas,
1184 2222 1300 2298 densa
1317 2224 1483 2318 caligine
1505 2225 1704 2299 obvelatae
1717 2224 1804 2302 sint.

104 2347 268 2420 Debere
291 2356 424 2419 autem
446 2345 485 2419 dt
506 2347 545 2418 in
570 2348 633 2422 his
655 2348 810 2446 sperma
829 2349 946 2423 virile
967 2346 1112 2431 adesse,
1138 2370 1262 2442 quum
1281 2372 1381 2424 vera
1402 2350 1440 2423 δι
1460 2348 1647 2422 soecunda
1665 2351 1702 2422 in
1718 2351 1804 2447 plu-

105 2474 223 2545 rimis
241 2473 495 2570 reperiantur
509 2472 673 2558 semina,
697 2497 818 2548 nemo
837 2475 1014 2573 prudens
1032 2471 1250 2548 indubium
1270 2477 1502 2559 vocaverit3
1527 2473 1591 2547 sed
1607 2474 1806 2549 undenam

109 2597 208 2671 illud
233 2580 485 2695 procedat&
515 2597 661 2692 quibus
685 2599 875 2675 debeatur
898 2595 1106 2698 partibus?
1151 2597 1188 2673 id
1207 2599 1364 2693 quidem
1393 2600 1511 2675 ferax
1538 2600 1596 2676 est
1618 2599 1722 2674 dubii
1747 2609 1806 2674 at-

107 2745 187 2817 que
207 2724 290 2798 litis
310 2728 508 2804 materies,
561 2721 645 2798 Alii
663 2747 827 2823 nempe,
861 2727 901 2797 in
924 2724 1027 2797 hisce
1045 2724 1220 2821 plantis,
1268 2701 1434 2822 perinde
1458 2723 1690 2802 distinsta&
1714 2725 1836 2800 ase·⁴

108 2851 254 2924 mineis
276 2850 451 2948 separata
465 2848 653 2946 gstatuunt
679 2872 830 2946 organa
854 2850 1038 2932 mascula,
1081 2849 1181 2926 sicut
1203 2854 1242 2925 in
1265 2850 1591 2951 persestioribus,
1628 2830 1807 2945 adeoque

108 2975 294 3069 quicquid
317 2976 356 3046 in
376 2978 435 3049 eis
452 2979 628 3050 occurrit
642 2975 877 3072 glandulosr,
917 2974 1131 3070 globulosr,
1165 2978 1366 3077 apiculati,
1392 2978 1664 3078 pulverulenti
1672 2993 1683 3063 3
1710 2998 1808 3055 ver-

108 3100 181 3184 bo,
205 3099 253 3172 ab
271 3099 358 3173 aliis
380 3101 558 3198 partibus
576 3101 739 3194 diversi,
764 3101 803 3177 id
821 3100 908 3175 sere
932 3122 1052 3175 omne
1068 3103 1109 3175 in
1126 3103 1388 3179 masculorum
1410 3104 1642 3199 genitalium
1666 3122 1807 3179 nume·

109 3248 204 3300 rum
224 3221 358 3329 passim
374 3240 634 3324 receperunt,
659 3238 707 3304 ut
725 3228 792 3304 vel
810 3226 888 3325 ipsa
904 3224 1076 3309 semina,
1110 3232 1269 3313 ovaria,
1301 3250 1497 3325 gemmas,
1522 3234 1679 3315 crines,
1704 3228 1809 3303 setu-
1920 3272 1922 3274 ·

109 3350 170 3426 las
191 3345 458 3434 addustorias,
491 3353 706 3448 &quaevis
725 3353 820 3436 alia,
866 3375 943 3450 pro
960 3350 1190 3429 staminibus
1210 3364 1281 3429 aut
1298 3357 1449 3454 polline
1473 3355 1675 3434 venditata
1693 3375 1809 3451 repe·
1834 3363 1840 3430 ².

113 3478 276 3551 riamus.
332 3473 415 3549 Alii
436 3501 562 3562 vero,
608 3502 763 3554 amera
783 3480 956 3576 partium
975 3479 1115 3552 umbra
1135 3478 1175 3552 dt
1205 3478 1303 3554 facie
1329 3492 1500 3559 externa
1523 3502 1605 3555 non
1632 3480 1810 3577 decepti,

111 3601 218 3676 harad
242 3599 388 3676 dissitas
410 3603 567 3697 quidem
588 3629 611 3678 a
643 3605 817 3680 simineis
843 3604 990 3680 volunt
1005 3600 1090 3676 -ess'e
1115 3615 1255 3704 partes
1279 3608 1494 3692 masculas,
1532 3607 1595 3681 sed
1624 3607 1662 3677 in
1691 3604 1810 3679 modo

112 3729 417 3804 combinationis
437 3726 687 3805 dissentiunt:
732 3735 786 3805 ita
796 3709 950 3827 'nempe
972 3751 1111 3804 eorum
1134 3731 1217 3814 alii,
1255 3734 1379 3807 meris
1395 3735 1499 3811 uteri
1519 3731 1678 3806 feminei
1699 3731 1811 3805 invo-

113 3856 239 3928 lucris
278 3853 453 3930 mascula
477 3855 701 3931 adscribunt
724 3851 854 3930 officia
879 3856 918 3929 δι
942 3859 1164 3949 generatim
1192 3859 1231 3930 in
1257 3858 1437 3954 partibus
1464 3856 1714 3931 corticalibus
1740 3858 1811 3948 (r)

115 3978 366 4055 soecundandi
388 3988 545 4077 ponunt
560 3978 806 4066 facultatenn
836 3982 900 4054 alii
920 4004 1039 4065 vero,
1066 3982 1238 4056 seminea
1256 3986 1394 4057 ovaria
1410 4007 1487 4081 pro
1506 3980 1635 4056 clauso
1655 3990 1812 4054 tantum

114 4108 154 4182 dt
186 4109 388 4181 communi
419 4107 595 4205 plurium
619 4104 971 4181 frustiiicationum
1000 4108 1149 4181 habent
1176 4108 1446 4204 receptaculo,
1491 4110 1595 4180 intra
1624 4105 1731 4201 quod
1758 4105 1812 4179 di·

114 4233 265 4311 mnuae
285 4236 497 4330 utriusque
521 4233 641 4312 sexus
663 4243 825 4332 partes,
851 4233 949 4305 ficut
966 4234 1003 4304 in
1021 4229 1139 4317 Ficu‚
1165 4229 1242 4304 sint
1262 4232 1478 4334 reconditae
1505 4235 1521 4324 (
1534 4236 1599 4325 a);
1636 4243 1678 4307 et
1701 4232 1814 4312 deni,

113 4388 194 4460 que
211 4366 356 4438 iterum
377 4362 461 4443 alii,
485 4360 658 4434 feminea
676 4379 843 4451 organa,
873 4356 949 4455 ipsa
968 4356 1034 4431 sibi
1052 4355 1130 4431 sola
1146 4351 1343 4441 sufficere,
1372 4360 1546 4432 mascula
1560 4368 1692 4432 autem
1713 4357 1811 4432 adeo

112 4491 294 4566 clancule
316 4488 396 4563 istis
421 4487 573 4578 addita,
599 4484 900 4578 eorundemque
916 4483 1076 4557 fabricae
1102 4485 1323 4559 intertexta
1346 4483 1421 4558 esse
1443 4486 1605 4568 volunt,
1635 4492 1681 4556 ut
1700 4483 1812 4568 haec,

113 4622 383 4710 integrantem
407 4613 605 4686 duntaxat
630 4613 812 4708 priorum
837 4608 1012 4684 efficiant
1040 4622 1219 4706 partem,
1260 4631 1334 4682 nec
1359 4608 1559 4683 aseminei
1579 4610 1683 4682 uteri
1704 4631 1813 4682 com-

112 4763 219 4844 page
249 4739 330 4814 ullo
353 4737 471 4811 modo
499 4721 674 4811 distincta
701 4736 796 4810 flut:
836 4757 959 4831 quare
978 4737 1098 4809 etiam
1122 4730 1317 4830 ejusmodi
1342 4736 1518 4834 plantam,
1557 4734 1812 4809 unisexuales

1624 4859 1811 4943 feminas,

159 5035 200 5114 ι.)
226 5034 479 5093 Koeuueur.
505 5017 683 5093 Entdecktes
708 5030 866 5096 Geheimn.
895 5029 950 5093 der
1019 5031 1069 5111 a.)
1088 5023 1811 5111 illumcuplantcrvpt.p.136.138.C0ns.Du·

233 5150 378 5229 Cryptog.
402 5167 456 5230 per
477 5161 574 5208 totum
598 5142 747 5207 libellum.
1099 5139 1813 5219 uAMEL.Naturg.derliacnm'c.v.1.p.263.264.
